3878 6316
276 351 335 409 525
535 288 537 294 Ι
816 337 1061 404 PRAEFATIO
1084 378 1123 386 -
1146 340 1289 404 CAPUT
1312 341 1337 404 l.

353 526 406 595 Ex
425 523 493 595 hoc
507 533 610 594 textu
630 519 831 592 notandum
851 533 908 591 est
930 520 963 590 l⁰
983 520 1229 592 Bardesanem
1249 546 1322 593 non
1342 545 1424 593 esse
1444 545 1489 593 ex
1508 520 1651 619 syriaca
1669 523 1876 621 propagine

276 657 342 730 sed
362 655 510 729 Persica
527 654 586 726 vel
607 652 790 726 Parthica.
809 652 845 722 2⁰
861 653 1068 726 Educatum
1089 652 1204 726 fuisse
1226 654 1262 725 in
1286 653 1376 726 urbe
1399 653 1514 726 cultui
1534 667 1715 727 astrorum
1736 655 1873 736 dedita,

277 818 298 864 a
325 788 515 864 sacerdote
536 787 647 872 solis,
676 786 772 859 unde
801 784 933 858 callere
959 785 1087 858 debuit
1106 787 1381 860 astronomiam.
1404 790 1441 859 30
1461 790 1613 860 Errores
1638 789 1873 868 Bardesanis

277 925 377 996 iuxta
393 920 623 1002 Michaelem,
642 919 808 993 redolere
828 919 1093 1018 astrologiam:
1118 919 1294 992 influxum
1319 919 1459 992 scilicet
1478 920 1707 1019 planetarum
1737 922 1774 994 in
1800 948 1877 995 cor·

277 1083 364 1156 pore
391 1069 428 1128 et
454 1055 491 1126 in
515 1053 583 1126 hoc
604 1054 750 1125 mundo.
775 1054 812 1123 40
831 1051 1039 1124 Notandum
1058 1052 1206 1125 tandem
1225 1065 1365 1126 textum
1385 1053 1429 1126 de
1455 1055 1562 1126 Patre
1586 1067 1623 1127 et
1643 1057 1759 1128 Matre
1778 1056 1876 1129 vitae

277 1191 383 1264 aliter
402 1200 438 1262 et
458 1187 564 1260 aliter
584 1186 715 1284 exponi
736 1185 773 1256 in
792 1184 983 1270 Michaele,
1008 1184 1047 1257 in
1066 1188 1139 1258 Bar
1159 1186 1347 1259 Hebraeo*
1370 1199 1407 1259 et
1431 1187 1468 1258 in
1490 1190 1528 1259 S.
1552 1187 1750 1286 Ephrem².

351 1323 412 1395 Ait
432 1322 529 1394 enim
549 1321 620 1392 Bar
640 1318 828 1391 Hebraeus
850 1346 858 1389 :

307 1452 1799 1537 ,ututmfflnrtlamrqssassntuagsslttatrtsah'seaiqtrtzagttoiriqbsstpssttuxtgs

353 1572 529 1668 (asseruit)
548 1575 693 1652 Lunam,
719 1581 860 1640 matrem
880 1571 981 1652 uitae,
1005 1570 1156 1660 sinpalis
1175 1572 1346 1641 mensibus
1365 1594 1490 1642 escuem
1515 1573 1628 1642 lumen
1647 1595 1749 1642 suum
1768 1584 1801 1643 et
1820 1575 1878 1642 in-

277 1708 375 1800 predi
393 1706 438 1775 ad
456 1704 578 1787 Solem,
597 1713 732 1795 patrem
750 1705 851 1786 uitae,
875 1714 914 1772 ut
931 1715 1046 1773 sumat
1063 1727 1109 1772 em
1127 1727 1164 1774 eo
1182 1704 1342 1796 spiritum
1363 1705 1625 1775 conservationis
1649 1729 1746 1797 quem
1772 1707 1877 1796 (inde)

277 1840 367 1933 efflat
385 1842 423 1909 ia
443 1840 533 1908 lirim
553 1835 748 1934 (mundum)
770 1837 981 1906 uniuersum.

352 1973 406 2042 Ex
430 1970 499 2042 hoo
522 1980 624 2040 textu
648 1965 771 2064 opinio
797 1966 1016 2039 Bardesanis
1042 1967 1164 2040 evadit
1188 1993 1286 2040 mere
1313 1968 1552 2068 astrologica3
1576 1971 1684 2042 Pater
1704 1982 1740 2042 et
1761 1974 1879 2042 Mater

277 2104 374 2176 vitae
403 2114 488 2175 sunt
517 2100 579 2173 Sol
603 2113 640 2173 et
663 2102 765 2172 Luna
790 2113 826 2171 et
851 2099 929 2172 sine
964 2100 1049 2172 Sole
1073 2099 1164 2172 nihil
1189 2100 1392 2174 subsistere
1416 2114 1539 2199 potest
1564 2102 1600 2174 in
1625 2103 1694 2175 hoc
1724 2103 1875 2176 mundo.

280 2240 378 2310 Haeo
398 2247 454 2308 est
472 2246 579 2306 vetus
602 2232 727 2331 opinio
746 2232 969 2332 astrologica
988 2233 1275 2331 Aegyptiorum,
1298 2259 1453 2332 quorum
1478 2235 1592 2307 libros
1612 2235 1770 2308 callebat
1791 2239 1878 2308 Bar·

279 2371 448 2443 desanes.
471 2367 535 2440 Ait
554 2367 649 2440 enim
670 2364 888 2438 Plutarchus
912 2368 969 2459 (De
988 2368 1078 2438 Iside
1101 2380 1133 2438 ct
1152 2369 1298 2452 osiride,
1329 2394 1361 2440 c.
1383 2369 1444 2463 43)
1465 2365 1513 2440 διὸ
1532 2370 1722 2467 καὶμητέρα
1742 2377 1800 2448 τὴν
1819 2374 1879 2440 Σε-

278 2645 491 2733 intucatur,
509 2641 606 2713 ati-m
624 2630 657 2705 δὲ
671 2640 779 2724 πάλιν,
797 2637 839 2716 εἰς
857 2639 911 2704 τὸν
932 2639 1007 2731 ἀέρα
1025 2639 1202 2730 προϊεμένην
1220 2637 1401 2732 γεννητικὰς
1419 2636 1515 2731 ἀρχὰς
1534 2646 1585 2706 καὶ
1605 2647 1876 2733 κατασπείρουσαν.

177 2813 179 2815 >
280 2774 407 2843 Idcirco
425 2776 559 2842 Lunam
579 2781 700 2840 uocant
718 2772 860 2839 Matrem
876 2769 1007 2852 mundi,
1035 2780 1261 2862 aratorumque
1284 2781 1468 2841 autumant
1487 2771 1725 2865 androgynum
1742 2772 1876 2842 habuc.

278 2906 427 2977 Graaida
445 2905 537 2974 enim
555 2905 594 2997 fit
607 2914 638 2973 et
656 2903 833 2994 fecundata
849 2926 871 2972 a
890 2903 985 2985 Sole;
1001 2903 1132 2995 illaque
1150 2926 1211 2973 suo
1228 2905 1301 2973 uice
1319 2905 1464 2995 effundit
1482 2915 1514 2973 et
1527 2906 1675 2974 seminat
1688 2929 1752 2997 per
1765 2929 1877 2975 aerem

279 3040 475 3131 pancration
493 3037 683 3129 principia.
712 3036 867 3106 Sanetus
896 3033 1053 3131 Ephrem
1078 3033 1197 3133 magis
1221 3035 1362 3107 accedit
1387 3036 1459 3107 Bar
1489 3035 1656 3109 Hebraeo
1682 3061 1792 3134 quam
1814 3037 1879 3107 Mi·

281 3168 410 3242 ohaeli.
432 3167 555 3242 Verba
575 3167 654 3239 eius
674 3191 784 3264 supra
803 3169 848 3264 (p.
876 3165 959 3263 500)
982 3166 1134 3239 recitata
1154 3179 1251 3239 sunt.

355 3305 459 3374 Patet
479 3299 597 3373 adhuc
617 3325 661 3372 ex
681 3299 749 3371 hoc
769 3310 870 3371 textu
890 3300 1035 3371 Patrem
1050 3312 1086 3372 et
1101 3302 1254 3373 Matrem
1272 3301 1370 3373 vitae
1390 3325 1471 3373 esse
1493 3302 1615 3374 Solem
1633 3314 1668 3374 et
1683 3304 1825 3374 Lunam
1846 3314 1881 3374 et

282 3436 349 3508 hoe
370 3434 503 3507 suffieit
522 3446 563 3506 ut
581 3433 700 3505 omnis
720 3430 949 3532 gnosticismi
970 3445 1057 3505 nota
1076 3433 1262 3506 auferatur
1281 3459 1302 3505 a
1323 3434 1542 3507 Bardesane.
1561 3433 1620 3506 Dii
1642 3434 1825 3534 deaeque,
1841 3446 1881 3506 ut

282 3569 426 3641 locutus
458 3579 514 3639 est
544 3570 581 3638 S.
610 3565 786 3664 Ephrem,
814 3577 898 3637 sunt
928 3564 1035 3665 signa
1065 3566 1222 3651 zodiaci,
1249 3567 1321 3638 alia
1349 3566 1568 3652 masculina,
1597 3567 1668 3640 alia
1691 3566 1878 3652 feminina,

282 3726 365 3774 nam
385 3700 562 3772 unitatem
579 3699 646 3771 Dei
665 3699 856 3797 profitetur
871 3698 1101 3771 Bardesanes
1121 3699 1252 3771 utiam
1273 3699 1359 3771 dixi.
1383 3700 1592 3772 Notandum
1613 3699 1731 3773 adhuc
1747 3725 1881 3772 nomen

284 3833 465 3906 «Domini
484 3865 501 3900 »
519 3858 584 3931 pro
605 3832 689 3904 Sole
709 3844 745 3903 et
764 3834 866 3904 Luna
886 3831 922 3902 in
942 3856 1051 3929 opere
1071 3836 1185 3905 Causa
1204 3835 1397 3905 Causarum
1417 3833 1586 3931 usurpari
1598 3836 1625 3904 ³.

280 3979 360 4042 tta-³2
373 3977 432 4032 aba
445 3970 547 4050 remo
559 3969 646 4040 mm
658 3967 712 4042 sat
726 3972 771 4032 oto
783 3968 868 4040 rias
882 3977 955 4040 νωξ
970 3965 1034 4039 erlo
1047 3974 1228 4046 isaim
1240 3984 1359 4040 em
1373 3975 1478 4043 nebu
1492 3966 1571 4041 rtd·
1583 3965 1674 4057 ttae·
1686 3979 1720 4041 et
1731 3976 1803 4035 iffi

280 4085 339 4160 „a
355 4086 429 4152 mss
446 4089 540 4150 usas
558 4089 657 4162 statas
675 4088 756 4156 aas„
773 4089 822 4140 0&
842 4078 926 4148 rte&
945 4083 1090 4147 stam
1105 4084 1176 4149 rus
1195 4081 1299 4157 attauh
1319 4085 1420 4151 tt-sn'»
1437 4086 1561 4151 νων
1577 4095 1677 4142 ..aaa
1693 4092 1882 4166 msa

282 4211 386 4267 ssent
400 4209 438 4274 s·
454 4196 571 4272 antas.
587 4216 667 4278 *a*
686 4200 754 4273 ..ar
771 4206 834 4255 aa.
854 4208 940 4270 sta-³2
959 4209 1091 4275 wama
1110 4206 1159 4265 rt&
1173 4209 1210 4272 ,so
1227 4210 1286 4274 ὼε
1301 4201 1373 4266 ricc
1392 4201 1518 4267 ittam
1535 4210 1572 4273 a·
1585 4207 1650 4274 ,aa
1669 4205 1777 4278 aa&
1794 4209 1882 4265 νεα-ἑο

281 4311 683 4390 ammomum
698 4311 798 4382 8νὲνοὶ
818 4313 940 4389 rausi
957 4317 1026 4388 ,Aa
1041 4316 1162 4398 stupa
1176 4319 1238 4389 ,Aa
1252 4327 1310 4396 ,aa
1324 4324 1419 4399 suaso
1435 4326 1534 4373 asans
1551 4326 1611 4398 νὸς»
1627 4321 1766 4392 νωμᾶν
1783 4342 1789 4373 =
1805 4311 1880 4386 itas,

1232 4435 1314 4498 aa„
1326 4431 1476 4506 tantari
1489 4437 1619 4498 etamsi
1633 4433 1883 4505 streames-t

356 4549 413 4619 sot
442 4558 556 4617 autem
584 4558 615 4616 ct
637 4544 757 4630 Luna,
787 4546 869 4638 quia
894 4558 1093 4616 conservant
1123 4557 1267 4617 nutrires
1291 4549 1401 4617 omnis
1423 4547 1557 4638 ueneris
1580 4558 1612 4616 et
1638 4548 1761 4638 speciei
1784 4570 1881 4616 crea·

285 4682 398 4764 tionis,
423 4685 533 4752 iocati
555 4691 636 4750 suut
658 4680 892 4749 Dominatorcs
911 4690 942 4749 et
965 4680 1224 4762 Gubernatorcs,
1250 4682 1333 4773 quio
1351 4681 1410 4751 Sol
1435 4681 1601 4772 calefacit,
1625 4680 1736 4772 coquit
1758 4691 1790 4749 ct
1811 4682 1881 4749 sic-

284 4826 336 4884 cut
356 4816 571 4907 putredinem
591 4827 623 4885 et
641 4815 773 4883 saniem
797 4813 926 4882 nimiae
950 4813 1166 4884 humiditatis
1187 4825 1218 4883 et
1236 4816 1393 4884 mucoris.
1416 4817 1516 4884 Luna
1542 4824 1655 4884 autem
1679 4813 1738 4882 dut
1762 4814 1881 4882 hunri-

283 4947 437 5031 ‹litatem,
461 4949 672 5039 fertilitatem
699 4959 730 5017 et
753 4949 998 5016 incrementum
1025 4948 1175 5030 naturis,
1201 4948 1341 5039 irripat,
1367 4959 1404 5017 ut
1432 4951 1481 5018 ito
1509 4948 1636 5029 dicam,
1660 4957 1691 5015 ct
1719 4957 1881 5038 temperat

286 5081 364 5149 illas
388 5083 429 5150 ab
453 5093 548 5151 aestu
572 5082 749 5151 radiorum
777 5082 871 5150 solis.
894 5083 1021 5150 lterum
1046 5080 1127 5150 illas
1151 5105 1237 5173 quae
1261 5082 1407 5151 nimium
1437 5080 1643 5150 maduerunt
1664 5080 1726 5149 suh
1748 5082 1881 5149 actione

346 5353 353 5389 ¹
374 5351 495 5414 Claron.
512 5354 602 5427 ecci,
620 5352 678 5415 Ed.
695 5354 778 5416 Abb.
796 5362 827 5415 et
847 5354 957 5434 Lamy,
971 5352 994 5428 l,
1008 5373 1039 5435 p.
1057 5357 1106 5415 47.
1125 5353 1246 5416 Textus
1260 5353 1476 5417 Bar-Hebraei
1492 5352 1651 5415 invenitur
1664 5351 1747 5414 intra
1757 5372 1788 5435 p.
1808 5357 1878 5417 520.

344 5460 355 5496 ²
374 5458 482 5541 Opera
500 5463 621 5536 arania,
638 5460 678 5535 ll,
694 5481 726 5543 p.
744 5466 812 5536 558,
829 5461 869 5522 D.

342 5565 499 5627 ³Editum
514 5588 532 5630 a
548 5567 681 5649 Kayser,
699 5567 840 5651 Leipzig,
861 5571 946 5637 1889,
965 5587 996 5650 p.
1014 5572 1082 5642 208,
1099 5567 1119 5629 l.
1137 5571 1220 5629 4-10.
