3884 6316
719 412 852 480 vanu
873 415 1233 481 neorurusulrl.
1702 433 1780 491 1390

180 607 237 659 κας
264 583 375 675 μικρὰς
396 574 558 676 θιαργυρᾶς
581 581 634 648 καὶ
659 579 775 676 γράψον
797 591 898 649 ταῦτα
921 585 1060 678 ἐναργῶς·
1089 582 1244 678 Βισαρέιχ,
1269 583 1456 679 Σαρσατζιέ,
1478 585 1618 683 Μουρθὲ,
1642 591 1776 688 Βιαρὰγ,

182 707 304 799 Ιάλγεί.
334 707 389 784 Εἰς
420 707 478 782 τὴν
508 703 575 796 όψιν
608 706 706 782 αὐτὴν
739 707 860 801 γυρόθεν
893 708 1013 801 περίθες
1043 719 1173 803 χρυσοῦν
1201 716 1333 778 πέταλον
1367 711 1418 778 καὶ
1459 708 1577 807 ὄρυξον,
1601 715 1655 782 καὶ
1684 711 1780 794 πῆξον

179 830 291 916 λίθους,
317 834 357 908 ὡς
388 828 600 917 κατακλείειν,
626 832 785 908 ἐκλεκτούς
818 817 860 916 ζ’,
891 831 943 899 καὶ
972 834 1069 926 γλιίρε
1099 837 1146 927 ἐρ’
1178 835 1232 900 ἕνα
1266 837 1396 903 ἕκαστον
1426 839 1511 905 λίθον
1548 842 1584 907 τθ
1617 844 1780 935 μυστήριον

183 966 286 1041 τοῦτο,
313 960 352 1033 εἰς
378 957 432 1048 μέν
452 956 504 1022 τὸν
529 965 666 1049 πρῶτον·
700 955 849 1050 Ἀυχοὺρ,
875 966 915 1034 εἰς
942 959 995 1024 τὸν
1020 949 1174 1052 δεύτερον·
1196 954 1362 1054 ’Ζαζηχὰμ
1384 961 1426 1040 είς
1455 965 1507 1030 τόν
1536 971 1650 1058 τρίτον·
1671 966 1778 1060 Σὰμψ,

137 1086 153 1136 5
183 1079 224 1158 είς
252 1082 305 1146 τὸν
336 1086 493 1173 τέταρτον·
521 1080 650 1173 Ἐπρθις,
672 1078 712 1158 είς
745 1081 799 1146 τὸν
828 1083 984 1173 πέμπτον·
1013 1083 1162 1176 Μαγτὲς,
1191 1087 1232 1161 εἰς
1257 1086 1309 1151 τόν
1333 1088 1433 1152 έκτον·
1456 1087 1632 1182 Σακαρτὲς,
1659 1089 1712 1157 καὶ
1742 1089 1784 1170 είς

183 1206 236 1270 τὸν
263 1198 402 1297 έόθομον·
428 1204 593 1299 Ζακγράμ.

257 1319 338 1396 Ὅτε
357 1327 407 1396 οὖν
431 1334 531 1415 βούλει
559 1327 601 1395 τὰ
622 1328 674 1396 ἐπὶ
695 1335 764 1407 τοῖς
785 1327 932 1423 κλίμασιν
952 1333 1045 1398 πᾶσιν
1070 1342 1129 1410 τῆς
1151 1341 1210 1426 γῆς
1230 1336 1377 1429 γινόμενα
1400 1334 1452 1401 καὶ
1475 1339 1504 1403 έν
1527 1342 1642 1431 οὐρανῷ
1666 1339 1721 1406 καὶ
1742 1351 1783 1433 γῇ
1829 1346 1832 1350 “

185 1445 309 1538 είθέναι,
338 1453 448 1544 βλέψον
472 1454 612 1548 καθαρῶς
634 1460 685 1522 καὶ
714 1455 826 1548 ἱλαρῶς
852 1453 931 1547 μετὰ
959 1465 1014 1522 τοῦ
1040 1456 1185 1549 έσόπτρου
1216 1464 1266 1525 καί1
1291 1461 1385 1543 βλέπε
1415 1470 1526 1527 ταῦτα.
1550 1452 1619 1529 Ἵνα
1647 1458 1681 1530 δέ
1704 1467 1786 1556 μετὰ

185 1587 239 1644 τοῦ
262 1581 435 1673 κατόπτρου
462 1579 580 1675 γλύψιγς
611 1583 655 1647 τὰ
684 1582 821 1672 τέσσαρα
851 1582 1003 1673 μυστόρια
1031 1589 1130 1646 ταῦτα
1155 1583 1185 1647 έν
1217 1577 1261 1660 οἷς
1290 1590 1455 1677 κατέχεται
1485 1584 1525 1651 τὰ
1548 1592 1684 1680 τέσσαρα
1712 1589 1785 1682 μέρη

124 1707 157 1758 10
185 1713 240 1768 τοῦ
263 1701 376 1795 κόσμου
391 1703 431 1767 ¹³.
458 1703 514 1771 καὶ
539 1701 658 1798 γίνεται
685 1702 764 1797 μετὰ
792 1701 932 1782 ἀληθείας
958 1704 1014 1772 καὶ
1042 1706 1161 1798 θεωριῖς
1187 1711 1247 1774 πᾶν
1275 1711 1408 1803 πρέἱγμα
1432 1714 1448 1775 ὃ
1476 1715 1578 1794 βούλει
1602 1712 1783 1779 θεάσασθαι.

186 1827 254 1893 Καὶ
283 1827 307 1894 εί
332 1824 374 1894 τέι
397 1828 562 1922 ὑποχθόνια
592 1833 665 1922 ὀροῖν
694 1828 804 1912 θέλεις,
832 1825 943 1918 βλέψον
967 1827 1103 1896 κιίτωθεν
1125 1841 1178 1897 τοῦ
1208 1834 1368 1925 ἐσόπτρου,
1394 1832 1451 1900 καὶ
1480 1837 1504 1900 εί
1531 1832 1571 1901 τὰ
1596 1834 1625 1902 ἐν
1653 1840 1785 1930 οὐρανῷ,

187 1951 299 2018 θέασαι
322 1955 362 2030 είς
385 1954 421 2020 τὸ
451 1953 598 2045 ἀνώτερον
622 1953 710 2045 μέρος
741 1963 795 2021 τοῦ
823 1952 967 2046 ἐσόπτρου
993 1958 1046 2020 καί
1067 1946 1145 2032 ίθοις
1177 1952 1309 2042 ἐξαίσια,
1335 1963 1386 2022 καὶ
1414 1957 1440 2023 εί
1464 1960 1521 2032 τὴν
1546 1956 1615 2048 ὄψιν
1640 1963 1682 2052 μὴ
1707 1962 1789 2028 ἀπο-

189 2073 339 2166 στρέψεις,
363 2078 393 2141 έν
415 2077 532 2170 ἀγωνίᾳ
553 2083 686 2171 γενήσει.

270 2201 323 2267 Ἐν
348 2208 434 2287 ἄλλῳ
456 2200 518 2267 τινὶ
538 2202 720 2295 ἀντιγριίρῳ
743 2201 818 2269 εἰσὶν
845 2203 877 2267 αἱ
899 2201 1062 2296 ὀνομασίαι
1087 2210 1138 2270 καὶ
1162 2204 1191 2271 οἱ
1217 2215 1411 2298 χαρακτῆρες
1434 2203 1529 2273 οὗτοι·
1557 2204 1691 2295 Μίουζζ,
1721 2211 1791 2278 (du-

128 2347 160 2396 15
192 2320 292 2418 ραζὶν,
332 2322 521 2420 Θαυψαρόιν,
554 2326 715 2421 ’hilii’
745 2327 903 2421 Γογόχου,
936 2330 1063 2422 Γαλγῶ,
1093 2330 1261 2422 Γογυυρῆς,
1288 2329 1437 2422 Μῑᾶρῖς,
1469 2332 1596 2426 Tali&
1627 2344 1728 2400 ’ΐῑῦῗα
1756 2329 1790 2402 δὲ

256 2612 302 2668 13.
321 2605 378 2668 llic
395 2607 553 2669 habentur
568 2614 706 2689 quatuor
720 2606 814 2689 signa
832 2629 840 2668 :

611 2788 1179 3071 ttattsat·
1233 2801 1389 3032 Ξ

259 3194 361 3278 Signa
381 3194 436 3256 illa
458 3195 576 3257 similia
601 3203 677 3258 sunt
697 3222 710 3250 «
732 3195 836 3279 signis
856 3195 1050 3259 decanorum
1069 3196 1246 3259 secundum
1262 3195 1445 3259 Chaldaeos
1461 3221 1474 3252 υ
1493 3195 1531 3270 Α,
1549 3194 1603 3257 lol.
1626 3200 1664 3257 38
1683 3205 1731 3258 v0.
1748 3195 1796 3258 De

199 3301 250 3362 his
270 3311 301 3361 ot
320 3300 492 3377 similibus,
516 3301 556 3364 ci.
582 3301 702 3378 Kaous,
723 3302 852 3385 Corpus
872 3302 1020 3365 codicum
1040 3303 1283 3387 astrologorum
1300 3322 1511 3387 graecorum,
1529 3302 1608 3364 lasc.
1629 3300 1794 3377 v1,Codd.

199 3405 478 3484 vindobonenses,
493 3429 526 3492 p.
544 3412 594 3471 74.

201 3845 298 3907 retro
319 3859 449 3932 parvas
469 3835 614 3908 tabulas
634 3849 831 3935 argenteas
851 3847 887 3907 et
908 3833 1028 3907 scribe
1049 3834 1138 3907 haec
1157 3831 1332 3907 distincte
1359 3862 1366 3904 :
1392 3832 1582 3922 Bisaracb,
1600 3834 1797 3921 Sarsutzic,

202 3959 344 4045 Murde‚
364 3959 513 4058 Biarag,
530 3959 660 4058 Galga.
680 3961 721 4031 ln
737 3959 817 4056 ipsa
836 3958 929 4032 sacic
946 3957 1190 4031 circumdabis
1210 3956 1244 4030 ei
1265 3956 1437 4029 laminam
1454 3982 1601 4029 auream
1617 3970 1653 4028 ct
1668 3957 1801 4057 infiges

203 4096 344 4180 septem
365 4083 548 4181 pretiosos
574 4083 729 4182 lapidee,
751 4083 855 4180 quasi
876 4083 922 4155 ad
947 4081 1251 4155 concludendum.
1276 4083 1317 4153 ln
1342 4106 1561 4179 unoquoquo
1582 4106 1708 4153 corum
1723 4080 1802 4153 ins-

204 4207 330 4306 culpes
353 4208 463 4281 hocce
488 4207 701 4306 mysterium
726 4237 734 4278 ι
760 4206 797 4278 in
822 4206 939 4304 primo
964 4206 1085 4303 lapide
1111 4205 1270 4291 boehm,
1297 4204 1517 4277 insecundo
1543 4205 1738 4291 Zazechar,
1764 4205 1801 4276 in

157 4331 313 4409 stertio
342 4336 484 4429 Samps‚
517 4332 554 4404 in
593 4344 721 4430 quarto
757 4334 911 4428 llepras‚
944 4330 1136 4428 inquirito
1164 4332 1323 4427 MagteS,
1352 4327 1388 4398 iu
1415 4340 1519 4401 sexto
1556 4333 1739 4416 Sacartes,
1765 4329 1802 4399 in

206 4466 360 4562 septimo
385 4469 576 4564 Zacgram.

281 4592 371 4662 Cum
399 4590 512 4689 igitur
544 4589 638 4662 scire
664 4589 720 4660 vis
750 4588 837 4686 quid
866 4588 903 4659 in
932 4587 1030 4660 omni
1056 4587 1208 4685 regione
1233 4586 1359 4657 mundi
1384 4585 1492 4658 sicuti
1524 4586 1683 4658 incaelo
1709 4598 1744 4658 ct
1767 4586 1804 4657 iu

206 4727 304 4787 terra
324 4714 479 4800 eveniat,
498 4713 619 4812 aspice
640 4727 740 4786 caste
760 4725 797 4786 et
818 4713 1022 4812 gaudenter
1042 4736 1153 4808 supra
1173 4711 1364 4809 speculum
1384 4723 1420 4782 ct
1440 4710 1581 4783 intuere
1602 4709 1677 4782 illa.
1696 4710 1804 4782 Atta-

207 4864 291 4912 men
314 4850 399 4935 post
419 4839 608 4936 speculum
632 4839 751 4936 lingas
775 4849 931 4934 quatuor
953 4836 1015 4908 illa
1039 4835 1215 4934 mysteria
1238 4835 1275 4905 iu
1298 4833 1430 4931 quibus
1454 4834 1691 4906 continentur
1712 4859 1805 4930 qua-

140 4998 179 5049 10
207 4976 291 5037 tuor
313 4962 439 5034 mundi
462 4973 630 5061 partes...
654 4961 781 5035 eterit
806 4962 842 5033 in
866 4960 1021 5034 veritate
1045 4973 1081 5033 et
1104 4958 1247 5032 videbis
1268 4982 1375 5031 omne
1400 4983 1493 5056 opus
1519 4958 1693 5055 quodvis
1716 4983 1805 5029 con-

209 5086 390 5185 templari.
410 5086 449 5159 Si
464 5086 587 5188 videre
610 5085 702 5158 velis
722 5086 873 5172 inferos,
891 5085 1013 5184 aspice
1034 5084 1127 5156 inira
1152 5082 1359 5183 speculum
1383 5081 1414 5153 si
1430 5081 1567 5175 (videre
1587 5082 1691 5175 volis)
1713 5106 1806 5179 quae

211 5212 353 5284 suntin
377 5211 492 5297 caelo,
515 5211 638 5308 aspice
658 5210 695 5282 in
720 5210 907 5309 superiore
932 5222 1034 5307 parto
1055 5208 1194 5307 speculi
1215 5221 1250 5279 ot
1277 5205 1419 5279 videbis
1451 5204 1618 5291 insolita3
1636 5206 1668 5278 si
1688 5207 1807 5279 visum

211 5363 284 5410 non
304 5348 447 5409 avertas
472 5335 509 5407 in
531 5359 708 5434 angorem
732 5334 843 5407 animi
866 5333 1017 5407 incides.

286 5463 326 5532 lu
343 5459 458 5533 altero
473 5458 580 5546 libro,
597 5459 863 5558 appellationes
879 5471 914 5532 ct
929 5459 1161 5531 characteres
1176 5470 1260 5529 suut
1279 5484 1286 5527 :
1303 5456 1433 5542 lliuzz,
1452 5455 1646 5541 'lbarazim
1663 5455 1809 5554 Thaup-

143 5609 183 5662 15
214 5612 339 5670 saron,
373 5584 555 5682 Eagchar‚
583 5584 778 5682 Gogocbu‚
807 5583 943 5682 Galgo,
972 5586 1155 5682 Gogurcs,
1183 5584 1341 5669 Maaras,
1368 5580 1500 5678 'l'algo
1535 5582 1632 5652 llaec
1662 5579 1810 5676 quidem

323 5748 387 5778 ι’,ιτιι
401 5747 452 5778 suri.
467 5746 525 5778 -1·.
540 5746 557 5777 r.
572 5746 591 5778 r.
606 5746 631 5778 u.
1693 5733 1718 5770 41
