3884 6316
132 377 209 433 1310
691 368 1016 435 TESTAMENTUM
1039 368 1166 434 ADAE.

131 544 309 630 nocteque
330 531 516 618 exhibent,
534 532 633 629 quod
654 534 838 621 ostendat,
861 558 1020 632 quonam
1046 532 1173 606 ordine
1195 543 1385 605 creaturae
1411 529 1617 605 rationales
1647 528 1736 602 irra-

131 664 361 763 tionalesque
386 664 638 739 adorationem
665 692 806 740 summo
831 670 909 740 Deo
933 666 1142 740 exhibeant.

206 801 467 897 Fragmentum
495 798 645 872 tertium
672 800 718 872 ad
748 800 891 899 cyclum
923 799 1195 873 enarrationum
1224 798 1269 871 de
1294 801 1464 892 Spelunca
1495 800 1732 871 these-urorum

134 932 304 1032 pertinet,
327 931 509 1030 refertque
530 932 758 1032 prophetiam
779 933 882 1006 Adae
904 934 949 1006 do
972 934 1131 1006 adventu
1154 944 1263 1030 atque
1286 932 1331 1005 de
1347 931 1521 1030 passione
1537 929 1681 1003 Christi
1702 941 1735 1002 et

135 1065 270 1165 excipit
289 1089 371 1138 cum
393 1065 569 1138 relatione
589 1064 689 1138 brevi
709 1066 754 1140 de
775 1066 965 1166 sepultura
984 1065 1100 1138 Adae.

210 1200 471 1297 Fragmentum
490 1210 674 1297 quartum,
699 1199 997 1298 angelologicum
1022 1197 1149 1272 stricte
1172 1197 1356 1296 loquendo
1386 1197 1433 1270 ad
1465 1224 1483 1266 α
1519 1200 1736 1270 Testamen-

136 1346 213 1404 tum
229 1331 330 1405 hdae
349 1361 366 1400 a
382 1357 455 1405 non
476 1331 648 1431 pertinet,
667 1357 734 1406 nec
751 1332 986 1431 intelligitur,
999 1357 1072 1431 quo
1089 1330 1167 1404 iure
1183 1332 1220 1403 in
1237 1330 1371 1404 Codice
1387 1330 1571 1405 Vaticano
1588 1329 1737 1429 Syriaco

144 1465 209 1536 164
229 1490 312 1538 cum
332 1463 519 1564 prioribus
538 1464 585 1537 ad
603 1469 881 1539 Testamentum
901 1465 1004 1538 Adae
1021 1464 1294 1539 adnumeretur.

212 1606 278 1678 llis
311 1605 525 1704 praemissis
562 1606 711 1705 singula
742 1607 952 1706 fragmenta
984 1605 1305 1705 pertractabimus,
1341 1616 1464 1678 textus
1501 1603 1737 1677 traditionem

138 1739 415 1837 doctrinamque
436 1739 547 1811 ineis
569 1752 779 1813 contentam
797 1752 1037 1839 exponentes.

406 1978 434 2050 l.
462 2021 512 2033 -
536 1981 599 2051 DE
629 1979 849 2054 llORAlllO
877 1980 1064 2053 DlUllNO
1094 1982 1153 2051 ET
1181 1979 1460 2054 NOCTURNO.

216 2212 345 2281 llxstat
363 2233 495 2308 graece
514 2208 551 2280 in
571 2208 875 2309 Chronographia
895 2210 1051 2283 Cedreni
1071 2235 1157 2309 pars
1178 2210 1309 2283 diurna
1323 2212 1348 2281 ⁴.
1382 2207 1486 2282 Aliae
1513 2206 1742 2282 recensionis

142 2367 296 2442 graecae
320 2354 445 2441 partes
466 2342 619 2441 protulit
641 2341 828 2416 Gilbcrtus
850 2343 1032 2441 Gaulmyn
1053 2343 1091 2415 in
1113 2342 1212 2416 notis
1232 2342 1278 2415 ad
1297 2367 1391 2442 opus
1412 2341 1613 2427 Cedreni²,
1640 2340 1743 2413 cuius

141 2487 281 2550 textum
306 2475 490 2576 integrum
515 2477 636 2549 James
661 2475 924 2574 publicavit³e
951 2475 1078 2550 codice
1103 2501 1238 2576 graeco
1262 2474 1513 2549 Bibliothecae
1538 2472 1744 2547 Nationalis

142 2608 324 2681 2419f01.
348 2609 434 2680 247⁸·
457 2607 526 2681 sub
551 2608 688 2682 titulo:

621 2801 917 2877 ἈΠΟΛΛωΝΙΟΥ
945 2811 1254 2878 ΜΑΘΗΜᾹΤΙΚΟΥ

621 2921 863 2992 ὈΝΟΜΑΕΙΑΙ
890 2919 934 2990 ΙΒ’
954 2918 1190 2992 ζΗΜΕΡΙΝωΝ

218 3108 380 3178 Persona
408 3103 519 3177 huius
553 3104 741 3203 Apollonii
776 3104 906 3204 ignota
931 3118 1001 3179 est.
1031 3104 1247 3179 Nominibus
1272 3105 1444 3177 horarum
1471 3103 1545 3178 diei
1574 3102 1748 3177 hebraica

144 3282 193 3293 -
208 3236 363 3310 maxima
376 3261 421 3311 ex
435 3249 538 3336 parte
556 3236 749 3336 illegibilia
763 3281 813 3293 -
827 3237 1011 3312 adduntur
1024 3239 1187 3313 nomina.
1205 3240 1329 3311 Nexus
1346 3236 1573 3311 recensionis
1588 3261 1748 3337 graecae

146 3397 228 3446 cum
250 3369 412 3445 textibus
438 3369 595 3469 syriacis
611 3385 733 3444 certus
757 3383 827 3458 est,
854 3397 1076 3470 quamquam
1095 3371 1323 3445 dillerentiae
1343 3369 1441 3444 baud
1464 3370 1636 3444 modicae
1654 3370 1750 3442 inter

145 3529 321 3603 graecum
346 3503 602 3602 syriacumque
630 3515 771 3578 textum
793 3504 1131 3604 deprehenduntur.

221 3636 469 3710 Recensiones
496 3636 659 3734 syriacas
686 3636 823 3711 horarii
850 3650 927 3711 tres
954 3637 1186 3744 invenimus:

223 3773 256 3842 1.
281 3769 440 3842 Primam
467 3769 633 3868 sequitur
654 3770 777 3843 Codex
803 3770 900 3843 Add.
932 3771 1067 3856 14614
1086 3770 1149 3844 iol.
1172 3770 1210 3843 8b
1239 3771 1298 3867 (ε
1314 3772 1378 3864 Α).

435 3946 485 3956 -
705 3905 791 3976 Vat.
816 3906 932 4002 Syrus
959 3906 1004 3977 58
1031 3903 1094 3977 fol.
1120 3905 1203 3976 115·
1230 3906 1292 4002 (--
1314 3906 1373 3996 Β).

222 4039 321 4109 llaec
347 4035 513 4109 recensio
537 4035 700 4109 omnium
725 4034 942 4109 brevissima
964 4049 1000 4110 et
1021 4036 1261 4135 probabiliter
1281 4032 1541 4133 antiquissima
1560 4045 1629 4118 est,
1656 4032 1752 4107 siout

151 4171 218 4243 hoe
237 4195 282 4242 ex
302 4168 423 4243 indole
443 4180 565 4242 textus
588 4180 625 4242 et
643 4193 688 4241 ex
708 4168 898 4242 codicibus
917 4169 1177 4270 manuscriptis
1197 4169 1289 4269 ipsis
1308 4166 1604 4242 concludendum
1630 4178 1703 4239 est.

223 4304 259 4376 2.
288 4302 453 4376 Alteram
472 4301 726 4375 recensionem
746 4301 895 4376 exhibet
914 4304 1001 4377 Vat.
1025 4306 1140 4401 Syrus
1163 4304 1233 4375 164
1255 4302 1317 4379 fol.
1340 4301 1406 4375 75b
1429 4299 1681 4396 (nestorianus
1700 4322 1754 4371 re·

150 4435 318 4529 centior).
345 4434 608 4533 Complectitur
628 4435 736 4508 horas
761 4436 881 4509 noctis
906 4447 944 4508 et
965 4436 1082 4508 textui
1108 4435 1306 4534 antiquiori
1333 4434 1479 4508 diversa
1502 4431 1754 4505 additamenta

149 4568 302 4642 invehit.

151 4746 216 4810 abac
236 4745 281 4805 acl
303 4743 394 4824 Ἑνὼχ
414 4743 461 4805 καὶ
481 4740 613 4824 Ἀδὰμ...
636 4744 812 4808 Decretum
835 4745 966 4808 Gelasii
990 4745 1159 4827 (babbeus,
1181 4745 1221 4822 V,
1246 4742 1317 4826 389)
1344 4742 1449 4806 reiicit
1466 4742 1599 4817 librum,
1621 4743 1684 4824 qui
1704 4738 1757 4802 di·

152 4854 239 4913 σίων
255 4850 464 4913 Poenitentt’a
486 4849 583 4914 Adae
606 4861 770 4936 tamquam
790 4853 1029 4937 apocryphum.
1049 4852 1085 4914 ln
1100 4851 1248 4935 catalogo
1266 4853 1442 4933 sexagt‘nta
1463 4848 1624 4912 librorum
1644 4846 1709 4910 sub
1729 4849 1762 4906 ι’

151 4956 281 5040 ponitur
300 4956 406 5036 Ἀδάμ,
423 4975 470 5022 sc.
491 4955 574 5019 liber
595 4965 651 5019 aut
669 4957 875 5041 apocalypsis
895 4958 998 5025 Adae.
1013 4958 1114 5022 Deest
1134 4967 1241 5021 autem
1263 4957 1296 5019 in
1319 4955 1461 5040 Synopsi
1480 4951 1652 5017 Athanasii
1672 4952 1756 5017 etin

153 5063 372 5126 stichometria
393 5061 566 5146 Nicephori
588 5063 638 5145 (ci.
659 5064 759 5139 Zahn,
783 5063 972 5128 Geacbichte
995 5065 1028 5128 d.
1049 5063 1406 5130 Neuteatamenth‘cben
1419 5056 1760 5139 Kamm,11,1.aeo

153 5172 236 5251 318).

215 5274 224 5313 ⁴
240 5274 362 5360 Migne,
378 5275 575 5359 Patrologia
591 5275 733 5352 Graeca,
749 5284 774 5338 t.
792 5277 906 5354 CXXI,
924 5277 985 5341 col.
1005 5283 1055 5341 41.

216 5379 290 5443 ²Jt.
308 5390 330 5443 t.
348 5380 477 5456 CXXll,
495 5380 556 5446 col.
573 5387 644 5457 846,
660 5392 738 5446 nota
752 5389 801 5459 70,
820 5393 853 5447 et
864 5385 924 5447 eol.
939 5389 1009 5461 853,
1024 5394 1100 5448 nota
1113 5389 1164 5448 91.

217 5486 229 5527 ³
249 5485 347 5550 Texta
361 5486 432 5548 and
442 5488 573 5552 Studr'cs
588 5489 639 5552 ed.
655 5490 823 5574 Armitage
839 5490 1020 5567 Robinson3
1037 5490 1112 5556 Vol.
1129 5490 1169 5567 ll,
1185 5510 1218 5552 n.
1232 5495 1251 5552 3
1268 5509 1276 5552 ι
1291 5487 1496 5572 Apocryplta
1509 5483 1689 5551 anecdota
1709 5486 1763 5553 ed.

156 5592 277 5669 tames,
295 5612 327 5677 p.
348 5597 507 5659 138·145:
529 5595 557 5659 A
579 5596 760 5681 Fragment
777 5597 882 5680 osche
900 5596 1111 5682 Apocalypse
1130 5601 1172 5681 of
1182 5595 1294 5661 Adam
1312 5599 1348 5660 in
1364 5592 1483 5660 Greek.
