3884 6316
586 401 642 464 DE
665 399 993 464 PERSECUTIONE
1016 399 1210 466 sarolus.
1637 413 1694 470 691

99 593 250 692 plicium
280 591 437 666 subierit
465 590 562 662 Mani
592 601 759 686 tempore
791 589 940 686 Saporis
972 591 999 675 l,
1027 589 1181 662 ludaeos
1215 614 1302 663 vero
1331 615 1428 663 saec.
1457 593 1507 663 lll
1540 607 1695 668 exeunte

100 728 265 800 diversas
298 724 575 825 persecutiones
609 747 806 820 perpessos
841 745 925 794 esse
955 722 1110 794 Talmud
1143 723 1250 797 docet
1283 723 1434 820 (lebam.
1466 725 1574 819 632¹.
1604 729 1697 799 Num

100 859 299 934 Christiani
315 859 503 933 meliorem
532 870 668 930 sortem
692 855 832 953 experti
859 854 949 941 sint,
969 880 1043 928 non
1068 869 1229 941 constat,
1252 858 1481 930 Constantini
1508 860 1633 959 Magni
1651 862 1698 934 ad

101 999 276 1091 Saporem
309 991 486 1090 epistola²
519 989 609 1062 nihil
644 988 780 1088 prodit,
808 986 905 1061 unde
944 989 1235 1062 concludendum
1264 1002 1363 1063 esset
1397 991 1627 1065 Christianos
1661 995 1697 1066 iu

102 1126 251 1199 Perside
270 1097 422 1197 vexatos
444 1148 540 1196 esse.

175 1261 323 1332 Certum
343 1269 464 1330 autem
488 1267 545 1329 est
568 1255 689 1328 medio
711 1255 858 1328 saeculo
875 1255 926 1329 IV
946 1253 1166 1327 Christianis
1188 1256 1226 1328 in
1249 1258 1512 1354 Mesopotamia
1535 1271 1700 1358 tempora

101 1390 328 1489 probationis
353 1391 547 1463 diuturnae
570 1388 763 1474 institisse,
786 1413 879 1486 quae
904 1413 1026 1462 rerum
1050 1389 1203 1461 mutatio
1230 1402 1360 1487 sponte
1389 1393 1546 1488 quadam
1574 1406 1698 1464 secuta

104 1536 160 1596 est
173 1523 364 1596 victoriam
383 1523 495 1608 illam,
511 1547 620 1621 quam
641 1521 933 1594 christianismus
948 1520 986 1593 in
1002 1521 1201 1594 Occidente
1217 1521 1262 1594 de
1278 1547 1423 1622 pagana
1441 1524 1700 1622 superstitione

104 1657 314 1755 reportavit.
334 1655 532 1730 Christiani
553 1655 649 1727 enim
661 1653 836 1738 Persidis,
852 1678 934 1726 cum
949 1654 1144 1752 praecipue
1164 1654 1323 1727 nationis
1342 1656 1556 1729 Aramaieae
1577 1669 1702 1730 essent

103 1803 140 1863 et
159 1789 306 1861 vinculo
327 1801 405 1862 tum
430 1787 621 1887 religionis
646 1801 724 1860 tum
744 1786 900 1886 originis
920 1787 1195 1860 cumfratribus
1218 1786 1255 1859 in
1270 1801 1373 1886 parte
1396 1789 1614 1862 occidentali
1637 1790 1701 1862 im-

103 1923 194 2021 perii
226 1923 378 1995 Romani
407 1920 641 2021 degentibus,
671 1921 995 2019 coniungerentur,
1025 1934 1134 2017 atque
1161 1919 1199 1992 in
1225 1920 1393 1993 confiniis
1417 1922 1608 2020 utriusque
1632 1924 1703 1995 im-

104 2055 195 2154 perii
214 2055 392 2144 viverent,
411 2079 504 2153 quae
518 2079 630 2127 causa
647 2064 752 2127 erant
771 2052 890 2126 litium
908 2051 1160 2150 bellorumque
1180 2066 1426 2140 cruentorum,
1444 2055 1540 2127 haud
1556 2057 1701 2143 mirum,

105 2189 135 2261 si
157 2191 290 2261 Persae
314 2187 618 2287 propagationem
643 2184 906 2259 christianismi
926 2212 1008 2259 cum
1027 2186 1149 2260 animo
1174 2187 1281 2260 anxio
1303 2187 1585 2262 considerabant
1606 2203 1705 2263 etex

105 2322 219 2394 altera
234 2334 338 2420 parte
359 2345 510 2420 prorsus
528 2318 749 2419 intelligible
767 2331 824 2392 est
843 2319 1072 2393 Christianos
1090 2320 1292 2393 Aramaeos
1307 2320 1345 2392 in
1362 2322 1510 2394 Perside
1527 2323 1704 2421 degentes

104 2453 326 2554 praetulisse
358 2483 375 2523 a
409 2456 605 2527 Caesarem
629 2480 646 2523 a
677 2484 694 2519 a
723 2451 816 2551 Regi
846 2455 1035 2552 Regum»
1064 2450 1132 2524 sub
1163 2451 1268 2525 cuius
1297 2452 1450 2552 imperio
1479 2480 1567 2552 pace
1596 2455 1706 2528 dubia

106 2586 337 2660 fruebantur.
356 2587 564 2684 Aphraates
594 2585 742 2683 quidem
766 2585 1091 2683 praedilectionem
1114 2610 1219 2659 suam
1240 2610 1330 2685 erga
1356 2586 1548 2684 imperium
1572 2590 1706 2660 Roma-

107 2746 194 2791 num
210 2719 357 2792 minime
373 2718 516 2792 celabat
535 2721 653 2812 (Dem.
674 2723 709 2813 v)
734 2730 770 2791 et
786 2717 918 2815 reliqui
938 2718 1101 2816 episcopi
1116 2718 1401 2816 Mesopotamiae
1419 2719 1487 2791 hac
1502 2719 1547 2792 de
1563 2745 1601 2792 re
1615 2720 1707 2793 veri·

108 2851 277 2924 similiter
296 2852 394 2925 haud
414 2851 521 2926 aliter
541 2851 763 2925 sentiebant.
785 2854 861 2924 Hac
877 2864 999 2924 tamen
1021 2851 1297 2925 circumstantia
1316 2852 1489 2938 admissa,
1513 2878 1605 2950 quae
1626 2879 1707 2925 cum

110 2985 146 3056 in
168 2986 250 3082 ipsa
270 3010 392 3058 rerum
418 2999 549 3058 natura
567 2985 740 3057 fundetur
765 2984 985 3058 Christianis
1003 2984 1128 3057 Persis
1151 2983 1189 3057 in
1211 2984 1341 3058 vitium
1359 2985 1452 3059 verti
1477 2987 1616 3083 nequit,
1635 3013 1708 3060 non

107 3131 231 3217 potest
246 3118 393 3217 probari
410 3118 641 3191 Christianos
658 3117 947 3216 Mesopotamiae
963 3118 1031 3189 hos
1048 3116 1159 3189 animi
1178 3142 1310 3191 sensus
1325 3118 1520 3217 aliquando
1536 3119 1573 3191 in
1594 3119 1705 3194 ellec-

107 3263 187 3323 tum
206 3251 416 3325 deduxisse.
436 3251 612 3349 Exceptio
627 3251 736 3323 unica
750 3262 808 3324 est
822 3250 978 3323 historia
991 3252 1069 3322 Mar
1084 3249 1271 3348 Kardag⁸,
1287 3251 1349 3348 qui
1365 3277 1387 3323 a
1401 3276 1489 3350 rege
1505 3252 1625 3350 palam
1639 3253 1706 3326 de-

108 3383 195 3456 fecit
210 3394 247 3457 et
262 3385 296 3457 ei
312 3385 484 3458 resistere
496 3409 609 3457 ausus
627 3397 696 3457 est.
713 3384 892 3456 Attamen
907 3382 1062 3456 historia
1074 3382 1179 3455 ducis
1194 3382 1301 3456 buius
1312 3397 1388 3457 tam
1398 3383 1564 3457 fabulosa
1578 3397 1614 3457 et
1628 3397 1705 3458 tam

109 3516 223 3590 dubia
245 3529 315 3604 est,
331 3530 371 3590 ut
390 3517 522 3589 exinde
540 3517 602 3588 vix
617 3515 756 3614 aliquid
778 3515 947 3589 concludi
966 3539 1075 3615 posse
1089 3515 1268 3588 videatur.
1289 3519 1343 3589 Ex
1361 3516 1475 3590 altera
1490 3529 1593 3615 parte
1612 3518 1707 3590 Acta

107 3650 181 3723 lide
201 3650 421 3750 dignissima
442 3662 626 3723 testantur
649 3650 751 3748 ipsos
777 3653 908 3725 Persas
931 3674 1059 3723 ansam
1080 3649 1227 3722 dedisse
1248 3648 1460 3724 inimicitiae
1481 3650 1708 3724 Christiano-

107 3808 190 3855 rum
207 3783 440 3856 suscitandae
457 3782 654 3857 durissima
674 3781 809 3882 agendi
822 3795 859 3854 et
874 3781 1189 3855 animadvertendi
1205 3782 1359 3865 ratione,
1379 3809 1450 3881 qua
1466 3783 1566 3883 Magi
1581 3783 1628 3856 ob
1642 3810 1709 3857 ne-

106 3915 242 3988 fastam
263 3916 485 4015 zelotypiam
514 3917 586 3988 iam
617 3929 701 3989 ante
726 3916 876 4014 longam
899 3914 1094 4014 periodum
1117 3916 1383 4012 persecutionis
1407 3917 1465 3989 hic
1488 3917 1563 3988 illic
1589 3917 1709 3990 ineos

109 4049 333 4122 saevierunt.
351 4050 444 4122 Acta
467 4048 648 4122 Zabinae⁴
666 4061 702 4121 et
718 4048 901 4121 sociorum
922 4048 1015 4134 eius,
1034 4048 1096 4145 qui
1110 4073 1206 4121 anno
1229 4050 1272 4121 18
1294 4050 1458 4148 Saporis,
1476 4050 1601 4147 -qui
1622 4064 1709 4123 tunc

107 4182 286 4279 temporis
302 4181 405 4255 irena
426 4182 569 4280 imperii
585 4183 645 4255 vix
661 4184 809 4283 proprio
825 4195 926 4257 motu
939 4184 1137 4283 dirigebat,
1159 4227 1204 4238 —
1221 4209 1288 4283 pro
1304 4183 1374 4256 fide
1390 4183 1527 4256 Christi
1546 4182 1658 4256 occisi
1674 4195 1710 4255 ct

109 4314 221 4387 etiam
248 4315 401 4388 cruciati
423 4327 521 4402 sunt,
541 4317 631 4389 satis
654 4317 908 4390 demonstrant
932 4317 1201 4390 intolerantiam
1220 4317 1433 4416 religiosam
1458 4320 1651 4414 Magorum
1674 4328 1710 4387 ct

110 4446 353 4519 intentionem
380 4449 594 4547 generalem
615 4450 833 4549 religionem
856 4449 1095 4522 christianam
1124 4449 1206 4522 aliis
1228 4449 1430 4522 rationibus
1455 4449 1711 4522 deficientibus

112 4579 223 4651 etiam
238 4579 274 4651 vi
290 4593 417 4678 aperta
431 4580 669 4680 reprimendi.
689 4584 730 4655 ln
744 4582 800 4654 his
813 4582 960 4680 quidem
968 4583 1072 4654 Actis
1086 4607 1106 4654 a
1118 4581 1272 4655 Hadabu
1292 4607 1438 4665 coaevo,
1458 4582 1571 4654 nobili
1587 4583 1709 4679 equite

115 4712 280 4810 Saporis,
301 4714 515 4812 compositis
536 4714 626 4786 nihil
646 4715 765 4788 adhuc
789 4715 1066 4788 accusationum
1086 4715 1367 4813 conspirationis
1385 4741 1466 4788 cum
1483 4718 1640 4788 Caesare
1656 4715 1711 4785 lc-

114 4845 233 4944 gitur3
250 4846 315 4917 sed
336 4846 417 4918 linis
433 4846 583 4920 ultimus
601 4847 870 4947 persecutionis
888 4848 925 4919 id
941 4847 1054 4920 luisse
1071 4849 1254 4932 statuitur,
1274 4859 1315 4920 ut
1329 4848 1526 4921 destructis
1541 4847 1710 4921 ecclesiis

115 4989 152 5049 et
170 4979 405 5051 monasteriis
422 4979 592 5053 incendio
613 4981 743 5054 deletis
765 4980 965 5054 Christiani
986 4981 1135 5054 tributis
1159 4981 1324 5054 onerosis
1345 4982 1390 5053 ad
1411 4981 1632 5080 apostasiam
1652 5007 1711 5053 co-

177 5233 186 5269 *
205 5231 299 5296 lnitio
314 5234 441 5317 imperii
458 5236 592 5318 Saporis
607 5237 734 5299 occisus
749 5258 820 5300 esse
836 5237 953 5299 dieitur
967 5254 1061 5307 ³an
1078 5254 1117 5304 t:
1133 5253 1206 5311 reat,
1224 5236 1312 5299 Baba
1327 5257 1370 5298 m.
1388 5236 1440 5299 lol.
1458 5243 1520 5301 86⁸.

176 5337 189 5375 ²
205 5337 376 5415 Eusebius,
396 5341 443 5403 De
458 5345 524 5405 vita
541 5343 758 5421 Constantini,
778 5343 831 5417 tv,
847 5347 930 5417 914,
945 5343 1007 5405 Die
1024 5342 1271 5405 Griescln'solaeen
1291 5344 1498 5406 cbrt'stliclren
1514 5340 1717 5420 8οή117231θὶ-

115 5444 177 5521 ler,
197 5443 341 5529 beipzig‚
361 5453 448 5522 1902,
466 5448 636 5524 Eusebius,
652 5448 663 5510 l
680 5448 781 5526 Band,
795 5471 850 5532 pp.
869 5455 924 5512 121
941 5459 973 5512 et
987 5470 1077 5534 seqq.

178 5549 191 5588 ³
206 5548 242 5610 P.
261 5550 394 5635 Bedjan,
411 5553 498 5615 Acta
510 5569 695 5636 irtartyrum
712 5568 743 5617 et
756 5568 959 5634 sanctorum,
978 5566 1000 5618 1.
1019 5556 1057 5632 ll,
1074 5576 1104 5639 p.
1122 5560 1191 5617 442.

179 5656 289 5719 llbae'd.
304 5679 337 5741 p.
354 5664 392 5722 39
408 5681 480 5743 sqq.
