3884 6316
250 416 309 475 535
791 409 1034 475 PRAEFATIO
1057 408 1259 476 -CAPUT
1282 412 1322 474 ll.

251 592 396 689 graecis
426 604 568 665 tantum
596 592 809 665 hauserunt.
838 594 926 663 Post
947 590 1119 688 vulgatos
1146 617 1233 663 vero
1261 617 1391 664 versus
1415 592 1540 665 Sancti
1564 593 1760 691 Ephrem¹,
1785 594 1849 691 qui

250 725 346 796 viam
362 725 526 824 pandunt
541 723 764 823 multiplicas
785 723 1090 823 interpretationi,
1109 724 1269 822 pessima
1285 725 1401 797 evasit
1415 725 1636 797 Bardesanis
1655 727 1844 798 memoria.

324 858 445 930 Media
477 857 720 930 incedendum
754 871 810 929 est
843 857 913 929 via.
950 856 1165 929 Tenendum
1195 857 1339 929 videtur
1374 858 1622 931 Bardesanem
1661 858 1847 931 hominem

247 982 426 1089 praeclari
455 991 596 1090 ingenii
627 991 755 1075 luisse,
790 990 956 1062 doctrina
980 1002 1016 1061 et
1049 990 1254 1063 eruditione
1281 991 1438 1077 clarum,
1471 991 1673 1090 ducemque
1696 991 1846 1065 scholae

248 1125 412 1196 scientiis
429 1123 656 1196 naturalibus
677 1137 713 1196 et
727 1124 913 1195 historicis
933 1123 1150 1220 praesertim
1171 1123 1352 1197 addictae.
1372 1127 1414 1195 In
1429 1125 1609 1222 quosdam
1624 1138 1746 1197 tamen
1763 1125 1846 1222 lap-

247 1283 310 1328 sus
331 1270 386 1329 est
401 1282 544 1330 errores
562 1256 607 1329 de
623 1257 760 1329 inlluxu
777 1270 971 1342 astrorum,
990 1257 1147 1355 origine,
1167 1257 1431 1356 compositione
1448 1270 1483 1330 ct
1499 1258 1570 1329 bne
1591 1257 1756 1356 corporis
1773 1257 1846 1329 hu-

248 1391 363 1473 mani,
387 1416 529 1463 necnon
549 1390 594 1462 de
619 1414 769 1489 corpore
791 1390 941 1462 Christi.
968 1434 1018 1444 —
1041 1392 1099 1461 clu
1127 1390 1273 1463 denium
1299 1390 1408 1463 luerit
1429 1391 1669 1490 gnosticus²l
1691 1394 1846 1462 Perrara

248 1536 304 1595 est
324 1523 421 1595 illius
438 1522 595 1595 nominis
611 1523 787 1608 definitio,
806 1523 902 1595 unde
919 1524 964 1595 lis
981 1537 1037 1596 est
1052 1523 1176 1596 forsan
1198 1523 1243 1596 dc
1263 1524 1422 1596 nomine.
1443 1524 1481 1596 Si
1502 1524 1754 1623 gnosticorum
1776 1550 1846 1595 no-

248 1680 331 1728 men
350 1656 470 1728 lerunt
486 1657 705 1755 quicumque
725 1655 897 1728 scientias
918 1661 1146 1754 paganorum
1168 1657 1204 1728 in
1225 1657 1360 1755 dogma
1383 1654 1623 1728 christianum
1643 1656 1845 1728 transferre

248 1789 467 1861 studuerunt
483 1789 610 1888 primis
626 1801 773 1861 nostrac
791 1790 923 1861 aetatis
944 1789 1114 1874 saeculis,
1135 1789 1327 1889 gnosticus
1344 1789 1491 1888 quidem
1510 1790 1577 1861 luit
1594 1791 1842 1873 bardesanem

249 1921 380 1993 sivero
403 1923 563 2020 gnostici
584 1935 670 1995 nota
696 1947 769 1994 non
791 1922 947 1994 inuritur
966 1922 1037 1995 nisi
1058 1922 1307 1996 deliramentis
1326 1925 1493 1995 duolismi
1512 1936 1548 1995 et
1572 1927 1840 2005 emurtatiouum,

246 2055 368 2127 verbis
398 2057 476 2128 eius
503 2068 539 2128 et
564 2056 725 2153 antiquis
755 2068 945 2128 auctorum
968 2056 1191 2128 testimoniis
1213 2068 1355 2128 mature
1377 2055 1583 2155 perpensis,
1614 2054 1845 2127 bardesanes

248 2188 326 2287 ipse
341 2233 390 2242 -
405 2189 581 2287 quidquid
602 2188 646 2261 de
667 2189 747 2261 eius
767 2188 960 2288 discipulis
984 2189 1164 2262 sentiatur
1178 2233 1226 2242 —
1248 2190 1440 2288 gnosticas
1457 2188 1570 2261 luisse
1591 2213 1664 2261 uon
1682 2189 1842 2260 videtur.

310 2411 317 2447 ¹
343 2409 377 2472 S.
395 2409 539 2491 Ephrem
555 2408 666 2491 Opera
681 2413 801 2487 omnia,
820 2410 956 2485 Romae,
971 2414 1155 2473 1737-1743.

306 2516 493 2578 ²Auctores
515 2516 643 2598 quidem
667 2517 862 2598 posteriores
884 2517 924 2579 ad
947 2517 1193 2600 gnosticismum
1212 2525 1379 2578 traxerunt
1402 2517 1630 2589 Bardesanem,
1652 2526 1686 2578 ut
1703 2516 1769 2597 jam
1785 2536 1846 2576 no-

247 2623 393 2696 tavimus,
406 2623 481 2705 quia
496 2623 584 2683 iuxta
597 2622 783 2697 Eusebium,
795 2624 955 2706 particeps
970 2624 1030 2684 fuit
1040 2624 1144 2705 primo
1155 2624 1273 2685 erroris
1284 2622 1445 2686 Valentini
1456 2621 1606 2703 gnostici,
1618 2631 1650 2684 et
1665 2621 1739 2704 quia
1754 2621 1845 2681 dam-

247 2738 341 2791 natus
359 2728 418 2790 tuit
433 2751 451 2790 a
469 2728 503 2792 S.
520 2729 678 2813 Ephrem3
696 2729 752 2792 sed
767 2729 926 2792 Eusebius
945 2729 1035 2792 addit
1050 2729 1266 2792 Bardesanem
1282 2729 1321 2792 ab
1341 2729 1402 2792 hoc
1421 2750 1529 2792 errore
1548 2729 1722 2790 recessisse
1736 2736 1768 2789 et
1786 2727 1844 2790 de·

247 2836 477 2898 monstravisse
487 2837 595 2897 omnia
603 2835 767 2899 Valentini
776 2835 951 2919 dogmenta
961 2836 1086 2899 fabulas
1097 2836 1328 2911 esse.,Credere
1338 2856 1511 2919 possumus
1520 2836 1616 2898 etiam
1627 2833 1845 2897 Bardesanem

247 2942 312 3021 qui,
334 2943 422 3004 iuxta
443 2941 627 3018 Eusebium,
647 2941 688 3003 ad
709 2962 869 3005 summam
892 2942 1089 3027 astrologiae
1111 2944 1327 3027 cognitionem
1347 2950 1545 3027 pervenerat,
1567 2941 1607 3004 ob
1629 2940 1716 3002 illam
1736 2941 1844 3023 ipsam

246 3048 440 3132 astrologiae
462 3048 679 3132 cognitionem
700 3058 732 3111 et
756 3069 820 3111 non
841 3049 882 3111 ob
907 3049 988 3112 alios
1011 3069 1147 3125 errores,
1173 3049 1302 3112 scholae
1323 3048 1484 3113 Valentini
1506 3049 1546 3111 ab
1569 3048 1681 3111 eodem
1702 3046 1844 3109 Eusebio

246 3153 444 3234 adscriptum
458 3154 569 3216 fuisse.

1446 3291 1487 3366 li.
1520 3288 1623 3366 Nan.

936 3524 1163 3535 *—

307 3690 483 3773 lpsnmmet
497 3700 618 3753 textum
633 3691 708 3753 libri
724 3692 830 3775 legum
847 3694 1015 3774 regionum
1031 3690 1192 3772 aliquibus
1208 3688 1466 3752 annotationibus
1485 3688 1680 3771 locupletare
1701 3687 1843 3770 bcnigue

247 3798 389 3880 suscepit
404 3798 610 3860 doctissimus
625 3797 778 3861 Nttldelre.
796 3797 896 3860 Notas
915 3797 986 3859 illae
1007 3797 1079 3858 imis
1098 3796 1228 3881 paginis
1244 3795 1423 3859 referuntur
1438 3794 1496 3857 sub
1514 3795 1619 3856 littera
1638 3795 1677 3858 N.
1696 3793 1844 3872 Quatuor

246 3911 369 3964 tantum
385 3903 437 3966 hic
450 3905 632 3967 exscribere
648 3913 812 3987 praestat:
1573 3987 1576 3993 ²

307 4015 336 4070 1⁰
358 4010 405 4071 De
430 4009 590 4094 Vologese
614 4011 1146 4094 Edesseno(supra512-513).In
1170 4010 1283 4072 lacobi
1303 4009 1465 4072 Edessem'
1483 4008 1690 4070 Hceoemero
1713 3993 1843 4068 ridetur

246 4116 418 4199 designari
440 4115 593 4200 dialogus
622 4118 697 4178 braic
726 4122 893 4200 oppositus
919 4122 953 4179 in
980 4140 1043 4200 quo
1065 4116 1285 4200 philosophus
1311 4116 1486 4178 Carreusis
1510 4126 1625 4175 contra
1653 4113 1840 4196 l’ologesent

248 4223 449 4285 Edessenum
464 4223 724 4286 Bardesam'tum
739 4223 859 4285 Fatum
874 4224 1031 4305 defendit.
1048 4223 1088 4285 N.

306 4335 337 4389 2⁰
353 4330 401 4391 De
416 4339 545 4393 auctore
561 4329 691 4414 Dialogi
707 4332 821 4412 (supra
837 4352 869 4413 p.
887 4333 969 4411 528).
986 4329 1082 4393 Nihil
1096 4330 1226 4391 obstare
1239 4341 1322 4411 puto
1343 4331 1422 4410 quin
1437 4326 1612 4389 credamus
1630 4324 1838 4407 Philippum,

246 4433 450 4496 Bardesanis
466 4435 674 4518 discipulum,
692 4457 808 4498 revera
823 4438 909 4497 ltunc
925 4437 1069 4498 libellum
1086 4439 1317 4517 corescripsisse
1332 4437 1452 4516 quippe
1467 4436 1522 4493 cui
1534 4435 1692 4516 magister
1705 4451 1841 4512 respon·

247 4539 324 4602 dit«
349 4542 504 4624 Philippa
520 4569 534 4599 a
553 4543 644 4624 (infra
664 4546 921 4619 548,22;564,1u
941 4553 973 4605 et
991 4544 1112 4623 600,10)
1127 4555 1306 4624 postquam
1327 4560 1400 4601 eum
1414 4559 1480 4621 per
1493 4541 1652 4622 primam,
1675 4550 1710 4598 ut
1730 4536 1842 4599 dicere

244 4649 398 4722 solemus,
413 4669 591 4731 personam
603 4654 857 4734 grarnmuticum
873 4651 1038 4712 allocutus
1052 4660 1100 4711 est
1114 4647 1207 4726 (inira
1222 4651 1348 4721 548‚20;
1366 4651 1493 4721 564,15;
1508 4646 1622 4726 600,l).
1640 4643 1680 4707 N.

305 4759 337 4814 3⁰
350 4754 397 4817 De
412 4765 515 4817 aetate
530 4755 671 4839 Dialogi.
688 4757 789 4818 AEtas
802 4756 939 4838 Dialogi
952 4755 1232 4817 circumscribitur
1243 4775 1331 4815 anno
1350 4755 1417 4831 196,
1432 4775 1495 4836 quo
1511 4753 1686 4834 Septimius
1700 4751 1841 4813 Severus

246 4873 370 4921 terram
389 4891 438 4930 „a
459 4865 492 4922 in
509 4865 702 4943 provinciae
720 4863 896 4925 Romanae
912 4866 1059 4943 foratam
1080 4861 1293 4945 redigendam
1314 4862 1441 4923 curarit
1460 4859 1562 4941 (infra,
1582 4858 1704 4938 603,25)
1725 4869 1756 4918 et
1771 4859 1841 4938 fine

246 4969 377 5048 imperii
390 4969 590 5030 Parthorum
601 4970 668 5050 (224
683 4968 734 5031 vel
749 4971 820 5050 226)
829 4968 869 5031 de
882 4971 999 5050 quibas
1009 4970 1061 5031 bic
1076 4969 1185 5030 adltuc
1199 4968 1412 5051 regnantibus
1428 4963 1639 5050 agitur(infra
1652 4964 1787 5044 587,13).
1798 4961 1839 5025 Ν.

307 5078 337 5132 4·’
358 5072 404 5134 De
429 5073 530 5135 titulis
555 5075 807 5137 subintroductis
830 5077 860 5136 in
884 5075 1033 5159 Dialogo.
1057 5075 1130 5138 Hae
1152 5077 1380 5157 inscriptiones
1402 5092 1514 5134 omnes
1534 5074 1573 5154 (v.
1595 5090 1629 5154 g.
1652 5075 1710 5145 cib
1731 5079 1839 5144 istst,

247 5181 373 5253 538,12;
390 5194 483 5264 ιιςμόωξ
497 5187 601 5259 tituta}
612 5194 717 5257 ratast,
735 5187 845 5257 538,27
861 5185 933 5264 etc.)
948 5182 1109 5245 delendae
1120 5195 1207 5243 sunt.
1224 5180 1275 5243 Ab
1288 5185 1359 5263 ipso
1373 5183 1533 5262 scriptore
1547 5199 1612 5240 non
1624 5179 1839 5260 proueniunt,

245 5286 425 5347 nonrmliac
439 5288 544 5369 plane
558 5302 635 5351 sunt
654 5289 831 5350 absurdae.
849 5289 888 5351 N.
904 5324 944 5334 —
959 5289 1025 5352 llas
1040 5289 1265 5372 inscriptiones
1285 5287 1492 5365 servavimus,
1513 5285 1580 5360 sed,
1596 5291 1709 5367 utpote
1727 5303 1841 5345 recen-

246 5391 319 5452 tiori
335 5412 428 5454 manu
445 5393 596 5470 adiectas
614 5396 801 5459 minusculis
817 5397 1056 5460 characteribus
1068 5397 1296 5477 expressimus.

1631 5496 1671 5561 R.
1695 5496 1736 5560 G.
