3884 6316
134 400 211 459 1383
491 389 837 454 APOTELESMATA
858 388 1090 454 APOLLONll
1113 389 1366 456 TYANENSIS.

132 562 194 630 ἀπὸ
212 566 329 638 παντὸς
354 560 495 652 αἰσχροῦ,
519 559 660 625 ἱκετεύων
684 558 738 625 τὸν
761 547 946 651 δημιουργὸν
968 551 1074 624 aetas
1102 561 1174 650 ὅπερ
1198 553 1234 624 ἂν
1258 557 1360 643 αἰτῇς.
1385 555 1455 626 Kal
1477 558 1546 652 περὶ
1573 551 1609 627 δὲ
1628 559 1732 653 θηρίων

132 684 184 754 καὶ
206 682 414 766 totelenei.
439 688 508 775 περὶ
532 688 644 775 ἑτέρων
666 696 760 749 τινῶν
785 681 982 774 ἀποτελεσριίι
1007 707 1039 748 τι
1063 681 1157 749 θέλων
1182 691 1320 768 ποιῆσαι,
1334 685 1462 777 ἀνέφερε
1480 681 1539 762 τὰς
1564 666 1730 778 ὀνομασίας

132 820 195 878 τῶν
226 816 310 903 ὡρῶν
338 819 397 886 τῆς
428 808 634 899 ίπιλαχοιίσης
659 810 774 899 ἡμέρας
791 811 844 872 καί
871 818 992 899 καιροῦ·
1015 805 1070 872 κκὶ
1099 808 1187 901 εὔχου
1214 809 1243 873 ἐν
1269 807 1391 900 καθαρᾷ
1416 801 1589 885 συνειδήσει
1615 823 1725 897 ταῦτα,

132 933 371 1029 προγυμνασθεὶς
394 935 423 999 ίν
440 931 566 1018 νπστείιρ
583 932 699 1024 ἠριίροις
718 933 768 1022 μ’.

206 1148 293 1240 Eripit
323 1154 361 1223 ἢν
391 1147 503 1240 ὀφείλει
532 1151 631 1238 λέγειν
657 1144 674 1211 i>
701 1149 820 1237 μέλλων
844 1169 877 1210 τι
909 1153 1081 1238 στοιχειοῦν
1113 1151 1192 1236 ριετὰ
1227 1136 1356 1239 καρδίας
1382 1145 1515 1240 καθαρᾶς
1547 1153 1601 1213 καὶ
1629 1152 1759 1215 omre-5

133 1277 309 1365 τυννέυι·

206 1476 380 1568 Εὐλογητὸς
418 1470 461 1562 εἶ,
495 1471 520 1541 ὧ
548 1474 624 1559 θεὸς,
648 1471 702 1541 κκὶ
734 1476 934 1568 εὐλογημένον
975 1475 1011 1540 τὸ
1041 1478 1138 1566 ὄνομά
1168 1498 1237 1560 σου,
1261 1479 1313 1541 καὶ
1338 1479 1357 1548 ri
1392 1480 1641 1569 ριεγαλοπρίπευέ
1667 1502 1724 1542 σου.

132 1601 307 1694 Μεχσιλίνω
335 1598 388 1665 καὶ
417 1599 493 1665 αἰνῶ
516 1597 571 1666 κκὶ
596 1589 718 1678 δοξάζω
744 1624 775 1665 σε
802 1604 855 1665 καὶ
882 1600 919 1665 τὸ
941 1602 1121 1692 ὑπερκρχιον
1147 1596 1241 1691 ὅνορισί
1266 1624 1319 1666 σου
1343 1605 1381 1666 τὸ
1405 1597 1438 1665 ὃν
1459 1600 1501 1678 είς
1523 1601 1596 1679 τοὺς
1620 1603 1727 1678 αἰῶνες

133 1734 197 1791 τῶν
216 1731 345 1791 αἰώνων·
373 1725 410 1789 τὸ
431 1724 484 1789 σὸν
508 1720 567 1816 γὰρ
593 1723 691 1815 ὄνομα
712 1722 831 1815 φρίττει
852 1721 900 1789 ἀεὶ
925 1727 944 1796 ἡ
968 1724 1089 1815 πύρινος
1118 1721 1265 1816 στρατιὰ,
1288 1716 1328 1790 δι’
1357 1727 1452 1791 αὐτοῦ
1470 1730 1523 1792 καὶ
1549 1731 1570 1800 ἡ
1592 1725 1728 1793 θυίλιισσα

133 1854 315 1942 ὑποστρέφει
343 1846 396 1915 καὶ
422 1854 437 1914 ὁ
465 1846 574 1940 κοσφδς
595 1850 713 1943 εὐλοχεῒ
743 1873 789 1934 σε,
810 1845 862 1914 καὶ
887 1851 947 1914 πᾶν
976 1849 991 1912 ὃ
1021 1847 1086 1937 ἔχει
1111 1850 1205 1922 πνοήν
1228 1847 1266 1914 τὸ
1297 1849 1350 1914 σὸν
1378 1846 1474 1941 ὄνομα
1507 1855 1658 1943 ὁμολογεῖ
1683 1849 1728 1915 καὶ
1752 1863 1775 1913 lo

134 2149 209 2188 σεται
232 2127 364 2209 Θησαυρὸν
386 2128 413 2186 ίν
434 2130 467 2206 τῇ
490 2132 534 2207 γῇ·
554 2128 590 2186 Ol
612 2125 664 2205 γὰρ
688 2126 763 2208 σοφοί
787 2124 943 2208 ἀπέκρυψαν
962 2126 1063 2194 ταύτας
1083 2129 1118 2194 ὡς
1141 2126 1277 2208 θησαυρὸν
1304 2128 1331 2187 la
1353 2131 1386 2209 τῇ
1406 2132 1442 2209 γῇ
1464 2126 1510 2187 καί
1535 2127 1617 2207 ε’ντῇ
1640 2128 1729 2207 κερδίρ

134 2235 232 2308 αὐτῶν,
257 2233 323 2292 διότι
343 2235 370 2293 lv
393 2234 485 2302 αὐτοῖς
510 2239 617 2310 πνεῦμα
638 2232 731 2314 σοφίας
752 2232 859 2296 tort...
883 2230 928 2293 καί
953 2232 1023 2310 μετίι
1045 2237 1098 2293 τῶν
1119 2236 1196 2313 ὡρῶν
1219 2236 1273 2293 τῶν
1301 2235 1425 2314 ἀνωτέρω
1451 2234 1647 2314 γεγραμμίνων
1670 2236 1728 2293 ari-

133 2339 242 2400 τίλισαν
266 2340 523 2418 inretitam...
548 2336 694 2419 Γιγνυίσκω
714 2338 755 2399 ὅτι
776 2338 930 2420 ἀνθρωπίνη
951 2339 1029 2420 φύσις
1050 2343 1162 2402 ἐνταῦθα
1180 2343 1209 2400 οὗ
1230 2339 1316 2419 μένει,
1338 2340 1397 2400 ἀλλ’
1421 2340 1448 2400 lv
1472 2341 1547 2421 ἄλλῳ
1568 2341 1664 2422 κόσμῳ
1683 2363 1730 2400 πο-

136 2445 240 2527 ρεύεται
260 2446 344 2524 vilari
365 2444 443 2528 σοφία
464 2445 511 2506 κιιί
531 2445 672 2529 ίφοινίρουν
695 2446 747 2505 τινὶ
766 2445 853 2526 τίκνιρ
872 2449 936 2524 ἐμοῦ
959 2445 1027 2506 διότι
1040 2445 1107 2527 ὑπὲρ
1127 2448 1236 2528 χρυσίον
1261 2447 1308 2506 καί
1330 2446 1401 2508 λίθον
1420 2448 1510 2525 τίμιον
1532 2447 1695 2529 τιμιωτέρα·
1708 2451 1730 2508 ἐν

139 2554 180 2614 σοί
199 2553 226 2612 tl
245 2551 321 2622 δείξω
341 2552 419 2634 χιίριν
440 2557 487 2613 τοῦ
510 2555 645 2628 διαμεῖναι
665 2554 696 2612 τὸ
714 2552 882 2631 μνημόσυνόν
906 2575 958 2630 μου
981 2552 1035 2613 aa.
1051 2551 1137 2615 Illae
1153 2553 1257 2615 leorae
1274 2551 1402 2615 dierum
1418 2553 1611 2616 benedictae
1624 2565 1730 2615 auata
1752 2559 1775 2608 15

134 2658 215 2722 Deo.
234 2659 274 2721 In
295 2662 386 2722 omni
401 2679 479 2741 ergo
500 2679 600 2742 opere
618 2656 708 2741 quod
718 2659 866 2741 perfica,
887 2679 984 2721 serva
1002 2659 1081 2722 illas
1099 2661 1187 2720 aient
1204 2671 1359 2722 servatur
1374 2660 1553 2722 thesaurus
1572 2662 1608 2722 in
1631 2672 1728 2723 terra.

134 2766 292 2828 Homines
319 2784 464 2849 namque
486 2767 662 2849 sapientes,
688 2767 773 2827 sieut
794 2765 973 2827 thesaurus
998 2763 1212 2828 absconditur
1233 2769 1268 2828 r’n
1293 2780 1397 2846 terra,
1418 2768 1467 2828 ita
1490 2767 1732 2830 absconderant

135 2873 213 2935 illae
227 2875 261 2934 ia
280 2871 453 2934 cordetuo
468 2884 501 2935 et
516 2883 593 2955 post
611 2872 712 2934 horas
725 2893 832 2952 supra
844 2874 990 2954 scriptas
1003 2875 1136 2954 operati
1150 2885 1229 2934 aaut
1243 2885 1361 2935 sortes.
1375 2872 1447 2954 Ego
1463 2885 1576 2936 autem
1591 2876 1660 2936 aeto
1675 2876 1731 2935 lm·

135 2998 270 3040 marram
285 2991 442 3040 naturam
458 2980 511 3040 ln'e
528 2999 595 3040 non
609 2998 746 3041 manere
760 2989 792 3041 et
804 2980 840 3041 in
859 2979 927 3041 alio
942 2979 1065 3040 mando
1079 2981 1302 3062 migraturam
1316 2981 1487 3043 actantiam
1508 2999 1630 3055 meam,
1651 2980 1731 3042 unde

136 3084 282 3147 revelant
293 3086 386 3147 illam
406 3084 539 3147 cuidam
550 3086 621 3167 filio
635 3104 718 3164 meo,
735 3088 815 3168 quia
829 3105 935 3167 snpra
951 3105 1073 3147 auram
1085 3098 1117 3147 et
1135 3085 1281 3168 lapidem
1293 3089 1477 3168 pretiosum
1494 3098 1544 3149 est
1553 3098 1732 3169 praestan·
1752 3091 1777 3142 tl

136 3194 258 3269 tieret,
278 3194 329 3253 tat
342 3211 415 3274 ope,
429 3192 589 3253 memoria
608 3211 682 3253 mea
698 3194 732 3252 r’n
750 3203 923 3253 aeternam
938 3191 1132 3255 remanebit.

136 3563 363 3664 temporibus
387 3565 486 3652 anni,
507 3576 544 3638 et
568 3578 772 3638 ventorum.
795 3563 953 3639 Abstine
973 3565 1018 3638 ab
1039 3566 1137 3639 omui
1164 3566 1276 3651 malo,
1298 3565 1501 3664 deprecans
1522 3566 1730 3640 Creatorem

135 3701 176 3761 ut
201 3688 366 3787 accipere
392 3687 481 3762 velit
507 3688 597 3761 illud
624 3688 722 3788 quod
744 3689 854 3788 petis.
873 3690 1031 3785 Quando
1044 3690 1101 3761 vis
1124 3690 1284 3788 aliquam
1308 3689 1596 3764 incantationem
1616 3690 1730 3762 lacere

137 3812 233 3885 eirea
257 3811 427 3885 animalia
451 3826 488 3886 et
506 3837 605 3886 mare
629 3812 687 3886 vel
715 3813 812 3886 cirea
828 3813 912 3900 alia,
930 3815 1053 3913 profer
1070 3813 1336 3914 appellationes
1357 3813 1529 3887 horarum
1551 3812 1626 3887 diei
1647 3839 1730 3887 eon·

135 3936 317 4010 venientis
337 3950 374 4009 et
392 3937 582 4036 temporis,
606 3950 642 4010 et
662 3961 725 4010 ora
748 3963 793 4010 ex
812 3949 1040 4036 puramente
1056 3938 1114 4010 his
1134 3937 1258 4012 verbis
1273 3980 1322 3993 —
1337 3937 1584 4037 quadraginta
1604 3937 1728 4011 diebus

136 4059 173 4130 in
193 4060 329 4133 ieiunio
343 4070 462 4134 'antea
487 4061 722 4134 transactis⁴.
1760 4078 1770 4127 ⁵

430 4290 543 4352 Oratio
565 4310 647 4373 quae
668 4290 764 4353 debet
784 4291 912 4354 recitari
933 4311 1006 4354 eum
1029 4292 1124 4355 eorde
1147 4312 1229 4375 puro
1250 4300 1283 4356 et
1303 4292 1441 4355 contrito

635 4397 675 4459 ab
697 4417 735 4459 eo
757 4397 897 4481 quivult
917 4397 1039 4481 aliquid
1061 4399 1235 4461 incantare.

211 4583 433 4657 Benedictus
459 4608 513 4669 es,
536 4586 650 4674 Deus,
676 4599 712 4657 et
741 4609 874 4658 nomen
900 4598 1003 4658 tuum
1029 4585 1277 4673 benedictum,
1306 4585 1401 4659 sicut
1429 4598 1466 4659 et
1491 4582 1730 4660 beneficentia

136 4720 212 4780 tua.
237 4707 428 4794 Exultabo,
446 4707 604 4782 cantabo
623 4722 662 4782 et
679 4708 838 4782 laudabo
862 4720 898 4780 te
914 4721 952 4783 et
969 4721 1102 4808 potens
1122 4734 1256 4784 nomen
1280 4722 1382 4784 tuum
1399 4708 1497 4808 quod
1516 4722 1575 4783 est
1593 4709 1634 4782 in
1654 4732 1732 4784 sae·

137 4832 220 4904 cula
244 4831 484 4935 saeculorum.
511 4835 590 4906 Hoc
618 4857 751 4907 nomen
776 4847 882 4907 tuum
906 4833 1078 4908 formidat
1102 4859 1246 4933 semper
1272 4833 1391 4933 ignita
1417 4835 1564 4922 cohors,
1586 4846 1735 4933 propter
1761 4853 1784 4904 ιι

136 4954 228 5027 illud
252 4981 351 5029 mare
372 4956 467 5055 fugit
489 4959 710 5030 retrorsum²
731 4970 766 5031 et
787 4959 944 5031 mundus
964 4958 1031 5032 tibi
1054 4959 1256 5046 benedicit3
1275 4957 1454 5058 quidquid
1473 4956 1648 5058 spiritum
1672 4959 1738 5033 ha·

137 5076 199 5152 bet
223 5079 348 5152 laudat
371 5104 503 5154 nomen
529 5092 644 5153 tuum.
672 5084 841 5184 Egomet,
867 5107 995 5156 servus
1022 5097 1108 5156 tuus
1128 5096 1164 5157 et
1193 5082 1290 5156 filius
1317 5082 1472 5156 ancillae
1489 5086 1617 5172 tuae⁸‚
1640 5084 1741 5158 velut

199 5287 225 5341 1.
253 5281 340 5344 Haeo
363 5292 396 5346 et
419 5284 586 5366 sequentia
607 5305 709 5368 usque
734 5286 775 5348 ad
799 5286 856 5350 Vll
879 5307 961 5370 quae
984 5288 1015 5348 in
1040 5288 1134 5352 unico
1159 5287 1270 5351 codice
1293 5285 1322 5350 Λ
1347 5287 1444 5369 (unde
1466 5286 1507 5370 D)
1531 5286 1746 5356 inveniuntur

135 5387 285 5449 videntur
299 5408 371 5451 esse
386 5388 614 5453 additamenta.
1782 5399 1786 5405 ’

196 5500 226 5557 2.
241 5493 291 5558 Cf.
309 5494 364 5556 Pe.
380 5517 470 5569 cxnr,
488 5502 517 5560 ἵ).

196 5606 225 5661 3.
241 5600 295 5662 Ps.
313 5623 383 5677 cxv,
402 5608 449 5664 lo.
