3884 6316
501 407 558 470 na
581 405 793 473 arrsroua
815 407 990 474 eunucu
1012 407 1284 473 arocaxrua.
1575 376 1582 389 '
1616 405 1692 476 1212

95 594 182 642 num
208 571 376 643 redactor
397 580 521 643 textus
545 569 792 645 correctiones
822 596 909 644 suas
938 595 982 644 ex
1011 569 1135 668 aliquo
1167 569 1266 643 fonte
1292 583 1443 645 externo
1470 574 1648 661 hauserit,
1672 600 1692 648 e

94 716 199 777 textu
213 702 387 777 videlicet
401 727 537 802 graeco
549 703 839 803 Apocalypseos.
856 705 948 777 Cum
964 703 1079 803 igitur
1091 703 1293 778 secundum
1308 718 1472 780 nostram
1485 707 1694 805 opinionem

96 866 118 907 e
137 850 277 911 textum
295 836 541 935 antiquiorem
556 835 740 922 exhibeat,
759 862 842 911 eum
860 836 911 910 ibi
929 849 1074 911 tantum
1090 836 1298 924 reiecimus,
1318 837 1381 911 ubi
1397 839 1543 914 codices
1563 839 1693 938 reliqui

96 970 253 1068 probant
277 970 473 1043 lectionem
492 997 514 1039 ο
534 993 579 1042 ex
604 994 728 1043 errore
752 970 876 1069 aliquo
896 983 1013 1044 ortam
1036 973 1156 1044 esse¹.

171 1102 278 1176 Addo
307 1104 417 1176 etiam
442 1103 636 1177 elenchum
661 1103 839 1187 locorum,
863 1103 926 1177 ubi
947 1116 1071 1178 textus
1093 1103 1360 1205 translatioque
1389 1106 1562 1180 editionis
1586 1107 1696 1180 huius

96 1263 118 1309 a
133 1237 302 1311 versione
318 1237 470 1312 Charles
486 1247 523 1310 et
539 1237 673 1335 Ryssel
689 1237 824 1325 dillert,
842 1250 1023 1337 notasque
1043 1237 1204 1312 criticas.

148 1372 176 1456 Ι,
199 1373 234 1443 5.
259 1376 375 1444 minus
396 1372 488 1442 enim
513 1382 562 1442 ert
587 1373 676 1465 quod
694 1375 794 1466 possi
816 1375 941 1444 eatis...
965 1396 1000 1443 v.
1027 1371 1051 1443 6
1073 1397 1159 1466 quoe
1179 1374 1225 1443 od
1247 1375 1333 1444 bono
1355 1385 1466 1446 cestro
1485 1378 1585 1468 possi
1605 1379 1697 1469 estis]

97 1503 230 1604 Ryssel
250 1529 316 1603 pro
337 1534 424 1590 ,oa-a,
445 1501 583 1576 mavult
602 1501 727 1604 legere
741 1535 844 1590 ,oa-24
859 1527 1065 1603 provocans
1081 1502 1127 1576 ad
1147 1519 1266 1575 ocu
1285 1506 1347 1603 qui
1367 1504 1498 1606 legunt
1514 1535 1607 1592 aaa,
1627 1537 1634 1578 :
1653 1532 1698 1582 ex

96 1652 233 1737 puncto
249 1637 393 1739 colligit
416 1637 546 1737 Ryssel
561 1669 648 1724 ,aa
664 1638 898 1737 participium
919 1661 1015 1710 esse.
1036 1637 1163 1722 Fals03
1181 1638 1309 1710 eadem
1329 1639 1426 1712 enim
1443 1639 1554 1713 lectio
1574 1665 1696 1714 recur-

97 1771 144 1844 rit
163 1771 245 1857 Vll,
275 1772 299 1842 6
322 1780 417 1861 (μ,
434 1782 503 1861 ιω),
525 1797 592 1847 nec
617 1796 662 1845 ex
692 1784 829 1871 puncto
855 1770 918 1844 illo
944 1768 1143 1869 quidquam
1168 1770 1339 1844 concludi
1358 1784 1497 1870 potcst;
1524 1797 1568 1847 ex
1593 1786 1697 1849 textu

97 1905 195 1977 enim
214 1905 395 2004 impresso
424 1905 577 1992 Charles
603 1930 677 1980 non
700 1905 830 2002 liquet,
853 1917 976 1983 utrum
996 1903 1034 1975 in
1060 1902 1249 1995 codicibus
1274 1916 1450 2003 punctum
1473 1906 1519 1979 ad
1540 1947 1563 1975 a
1580 1933 1626 1979 an
1652 1906 1698 1980 ad

96 2038 321 2136 rpertineat3
340 2039 378 2111 in
393 2063 482 2112 casu
503 2052 628 2113 autem
645 2038 775 2111 ultimo
794 2049 971 2137 punctum
989 2036 1140 2109 secund.
1156 2062 1255 2136 pers.
1274 2038 1364 2137 perf.
1388 2039 1484 2138 plur.
1507 2040 1695 2140 designat.

174 2172 220 2257 ll,
257 2175 292 2245 3.
326 2175 465 2245 Textus
499 2184 599 2246 certe
635 2183 831 2270 corruptus
867 2180 940 2256 est,
975 2168 1214 2268 probabiliter
1243 2207 1293 2262 a,
1321 2173 1358 2242 2⁰
1394 2172 1590 2246 delendum
1626 2185 1695 2246 est.

100 2303 253 2378 Charles
277 2304 370 2406 legit
393 2334 485 2383 ares.
507 2318 543 2380 et
565 2305 806 2404 interprtatur
829 2331 836 2374 :
859 2309 926 2377 For
947 2310 1040 2376 rebat
1071 2306 1168 2398 besell
1189 2330 1256 2401 you
1278 2331 1328 2376 roc
1352 2308 1425 2377 also
1446 2309 1590 2399 suffered
1615 2311 1652 2378 in
1677 2332 1699 2379 o

95 2440 328 2530 pre-minent
342 2441 470 2532 depree,
489 2446 543 2533 sor
557 2442 584 2512 it
599 2440 696 2532 besell
712 2463 752 2510 us
766 2440 853 2509 otro.
872 2436 946 2511 Sed
962 2462 1030 2510 nec
1046 2437 1253 2512 emendatio
1267 2448 1404 2523 textus,
1421 2462 1488 2512 nec
1502 2438 1696 2512 translatio
1814 2453 1817 2465 '

100 2569 243 2642 admitti
275 2583 451 2670 possunt,
481 2597 566 2643 nam
602 2595 730 2644 omnes
764 2570 911 2644 codices
946 2599 1049 2654 aras,
1081 2571 1228 2670 legunt3
1258 2581 1405 2669 recepta
1440 2571 1697 2645 emendatione

99 2731 204 2786 aras,
221 2703 288 2776 lut.
309 2743 365 2772 ω
384 2716 484 2778 caret
510 2729 636 2788 sensu,
659 2728 728 2777 nec
752 2728 817 2802 per
845 2706 989 2796 suffered
1010 2703 1103 2777 verti
1128 2714 1262 2803 potest.
1290 2706 1416 2802 Neque
1443 2703 1698 2803 interpretatio

103 2835 235 2934 llyssel
254 2837 383 2910 melior
403 2849 460 2909 est
476 2864 483 2908 :
499 2842 595 2910 Βεηη
615 2863 687 2909 mur
702 2840 785 2909 eucb
804 2840 964 2930 petroffeo
986 2841 1057 2924 bot,
1075 2839 1196 2909 sollten
1210 2850 1279 2909 erat
1297 2840 1390 2909 recbt
1403 2839 1492 2909 corb
1511 2840 1579 2909 cir
1595 2840 1699 2909 erlei-

102 2972 212 3041 ‹len...
232 2995 299 3042 nec
316 2969 434 3067 liquet
452 2981 576 3043 utrum
594 2969 889 3044 emendationem
910 2968 1062 3044 Charles
1078 2969 1272 3068 receperit,
1291 2994 1358 3042 neo
1379 2994 1438 3042 ne.

176 3103 241 3190 ΙΙΙ,
263 3104 298 3175 2.
325 3102 461 3202 Recepi
478 3104 676 3178 lectionem
694 3109 740 3189 Φ,
763 3102 969 3202 exemplum
990 3102 1142 3177 Charles
1162 3115 1326 3189 secutus,
1344 3102 1437 3176 forte
1452 3115 1576 3176 tamen
1590 3101 1700 3178 lectio

101 3264 123 3306 ο
149 3236 333 3335 antiquior
361 3236 563 3336 meliorque
592 3218 669 3326 ’θεὶς
698 3236 834 3312 etenim
863 3249 1049 3310 corrector
1073 3265 1145 3314 aar»
1165 3236 1264 3334 quod
1284 3264 1306 3306 ο
1328 3235 1421 3335 legit
1447 3235 1546 3308 haud
1572 3249 1700 3311 exacte

102 3369 241 3442 dictum
256 3395 341 3444 esse
357 3370 527 3444 arbitrari
547 3369 704 3457 ridetur,
724 3395 807 3443 cum
828 3369 951 3471 angeli
971 3393 1046 3442 non
1062 3369 1185 3441 omnia
1204 3393 1293 3441 vasa
1314 3380 1442 3442 sancta
1457 3369 1699 3444 abscondisse

103 3501 140 3573 in
156 3501 236 3602 ipsa
252 3503 467 3603 apocalypsi
483 3503 666 3603 legantur,
686 3502 770 3575 binc
786 3502 945 3576 correxit
959 3544 968 3586 ε
982 3531 1051 3581 tvta-
1063 3539 1101 3588 ᾳ
1113 3531 1171 3580 aa»
1189 3504 1308 3596 aliquo
1323 3528 1418 3574 vaso.

179 3636 244 3722 ΙΙΙ,
262 3637 297 3709 7.
312 3639 478 3709 bobitotio
488 3639 583 3731 Sion]
596 3635 756 3712 Omnino
771 3635 864 3708 lals'a
878 3647 936 3708 est
951 3635 1206 3735 interpretatio
1217 3635 1363 3734 Ryssel,
1378 3634 1441 3732 qui
1455 3649 1580 3734 spreto
1595 3648 1697 3710 textu

103 3768 270 3841 codicum
286 3782 414 3842 contra
431 3769 490 3842 ius
508 3782 544 3842 et
563 3770 618 3841 las
634 3769 688 3843 sic
705 3769 817 3841 vertit
830 3781 971 3843 textum
991 3769 1175 3867 syriacum
1192 3795 1200 3840 :
1219 3775 1314 3842 Denn
1330 3772 1385 3841 iclr
1400 3771 1499 3842 weiss
1516 3772 1556 3841 in
1576 3772 1700 3844 Wobr·

103 3904 184 3988 lreit,
207 3904 286 3974 dass
309 3906 393 3975 euch
418 3915 544 3976 trosten
568 3905 685 3975 rctrde
704 3905 758 3974 die
781 3904 955 3996 [Tritbrol]
978 3905 1038 3974 der
1059 3906 1243 3975 Beurobner
1266 3927 1329 3975 con
1351 3905 1447 3988 Sion,
1470 3905 1515 3974 do
1540 3905 1596 3974 ibr
1618 3905 1700 3974 docb

102 4039 260 4107 einselren
285 4040 428 4120 retract,
456 4038 534 4108 dors
560 4038 610 4107 sie
632 4039 728 4106 melu·
752 4059 796 4107 zu
822 4038 981 4108 dedentem
1004 4038 1096 4107 batte
1120 4037 1174 4106 ola
1197 4038 1252 4107 die
1278 4038 1437 4120 tremat,
1463 4038 1544 4106 iiber
1566 4037 1621 4107 die
1644 4038 1700 4106 ibr

103 4171 234 4241 betritbt
254 4182 355 4255 ecurt,
377 4172 457 4242 (loss
476 4171 534 4240 ibr
551 4171 635 4241 cecla
657 4170 810 4240 rtdmlirb
830 4193 896 4239 con
914 4172 997 4240 Sion
1017 4175 1194 4264 cntsernen
1209 4181 1362 4240 muratel.
1387 4167 1519 4265 Ryssel
1539 4166 1632 4239 falso
1653 4167 1698 4239 ad

103 4315 314 4374 contextum
339 4314 514 4400 provocat
537 4313 672 4400 putans
696 4314 781 4374 ante
805 4329 882 4379 cm
902 4300 1083 4375 excidisse
1103 4300 1236 4409 ranvel
1265 4299 1366 4372 aliud
1386 4299 1542 4397 aliquid;
1565 4299 1700 4373 etenim

102 4459 265 4511 amnon
286 4435 472 4534 significat
494 4463 511 4504 c
537 4436 741 4508 Bewohner
763 4463 780 4505 n
804 4437 971 4522 incolom;
991 4447 1078 4508 tunc
1101 4433 1198 4509 enim
1217 4431 1373 4507 ulterius
1392 4461 1472 4511 rem
1488 4432 1613 4534 legere
1635 4431 1701 4506 de·

103 4566 248 4640 buisset
260 4568 291 4653 ²3
309 4566 431 4641 verbis
449 4594 457 4639 :
477 4596 494 4638 c
512 4571 592 4641 dosa
611 4572 661 4640 sie
676 4571 772 4640 mebr
790 4593 834 4640 :u
850 4571 1007 4640 dedentem
1029 4571 1152 4640 latre»
1169 4565 1208 4638 in
1227 4577 1329 4640 textu
1350 4566 1495 4665 syriaco
1510 4565 1602 4638 nihil
1618 4590 1701 4637 cor-

104 4699 317 4797 respondet,
335 4725 424 4799 ergo
446 4700 721 4775 emendationes
748 4699 881 4800 llyssel
903 4711 940 4773 et
961 4699 1227 4798 interpretatio,
1255 4723 1365 4796 quam
1389 4698 1575 4797 proponit,
1598 4698 1699 4770 reiici

104 4831 254 4906 debent.
278 4835 479 4908 Contextus
507 4857 713 4932 sensusque
741 4833 820 4906 sine
845 4831 920 4905 ulla
944 4831 1199 4906 emendatione
1223 4844 1379 4931 patent:
1404 4831 1482 4905 scio
1509 4830 1701 4929 Templum

149 5219 176 5274 1.
194 5214 326 5276 Praeter
340 5213 436 5297 sigla,
453 5210 572 5297 quibus
586 5212 720 5276 Charles
736 5213 777 5276 ad
791 5212 918 5276 codices
933 5211 1152 5297 designandos
1171 5231 1249 5274 usus
1268 5219 1329 5288 est,
1343 5210 1407 5274 alia
1421 5230 1523 5296 pauca
1537 5212 1702 5275 brevitatis

103 5340 206 5382 carisa
221 5320 383 5383 introduxi
400 5341 407 5381 :

167 5431 196 5489 Φ
217 5427 368 5512 designat
381 5445 575 5490 consensum
590 5425 736 5490 codicum
751 5429 1048 5504 abdefflblpw

167 5536 191 5594 Σ
272 5570 310 5579 -
452 5571 491 5578 -
613 5532 760 5596 codicum
777 5540 934 5609 abflhk

168 5643 193 5701 Ξ
273 5678 312 5685 -
455 5677 494 5684 -
616 5639 947 5735 codicumdellpw
