3884 6316
134 386 191 444 712
659 375 904 443 PRAEFATIO
925 416 965 426 —
989 377 1128 444 CAPUT
1151 379 1206 444 lll.

134 594 218 641 cara
238 581 295 641 est
309 568 428 667 pietas
448 592 489 639 ac
511 567 642 667 religio
667 567 760 640 hanc
774 567 810 639 in
829 581 865 641 te
882 581 1012 667 expeto
1027 567 1163 667 pariter
1179 596 1186 638 :
1203 567 1234 640 si
1254 567 1291 639 in
1311 567 1380 640 hoc
1400 567 1489 639 mihi
1504 567 1733 667 obtempera·

133 702 242 788 veris,
260 701 331 773 iam
346 714 382 773 te
398 700 436 771 in
451 713 590 797 patrem
607 725 648 772 ac
664 700 929 773 moderatorem
945 700 1088 773 habebo
1106 732 1138 773 ».
1159 704 1256 773 llaec
1272 700 1333 771 ille
1350 700 1561 800 respondit:
1578 729 1596 772 a
1615 703 1731 786 Scite,

135 861 214 920 rex,
242 860 314 906 non
339 859 421 906 esse
450 832 652 906 membrum
679 833 717 905 in
746 859 896 932 corpore
921 859 1020 920 mec,
1044 834 1140 932 quod
1165 859 1235 932 ego
1260 860 1332 906 non
1357 833 1556 907 reciderem
1579 861 1734 932 prorsus

134 981 242 1067 atque
258 967 466 1053 abiicerem,
485 967 516 1038 si
531 992 686 1064 pronum
701 966 1011 1066 deprehenderem
1030 967 1077 1039 ad
1094 966 1335 1039 deficiendum
1351 993 1372 1039 a
1389 967 1526 1040 Christi
1546 993 1670 1042 amore
1691 995 1734 1041 ac

133 1100 329 1200 religione;
343 1125 410 1172 nec
426 1124 550 1172 ensem
566 1125 633 1172 nec
648 1112 801 1173 mortem
816 1100 941 1186 timec,
957 1113 1178 1199 quapropter
1193 1126 1301 1197 parce
1316 1099 1382 1172 tibi
1399 1126 1420 1172 a
1435 1100 1602 1174 molestia
1619 1126 1734 1199 expe-

132 1234 234 1308 tendi
254 1232 351 1332 quod
376 1259 561 1331 nunquam
580 1258 730 1330 prorsus
750 1233 974 1306 committam
991 1261 1023 1304 n.
1045 1237 1102 1306 lra
1127 1233 1263 1305 exarsit
1287 1259 1361 1319 rcx,
1385 1234 1565 1332 iussitque
1585 1233 1733 1307 detrudi

134 1394 215 1440 eum
236 1367 274 1438 in
294 1391 476 1439 carcerem
497 1379 533 1438 et
548 1391 630 1437 cum
645 1365 726 1464 ipso
745 1365 838 1439 alios
853 1367 900 1439 ad
918 1366 988 1440 tria
1008 1391 1118 1463 super
1137 1365 1252 1438 millia
1266 1366 1310 1439 de
1327 1366 1524 1465 episcopis,
1542 1367 1734 1466 presbyte-

134 1500 184 1573 ris
208 1526 250 1572 ac
275 1499 453 1571 diaconis.
476 1502 562 1571 Mox
589 1510 711 1571 autem
739 1499 785 1571 iis
812 1499 946 1572 adiecit
975 1499 1167 1598 sexaginta
1191 1498 1482 1572 Christianorum
1508 1500 1634 1572 millia.
1654 1504 1733 1575 llos

132 1658 259 1707 omnes
273 1645 401 1730 postea
419 1631 511 1704 feria
531 1644 634 1703 sexta
653 1630 892 1704 hebdomadis
910 1632 1108 1731 passionis,
1136 1632 1260 1705 eduxit
1280 1633 1317 1703 in
1338 1632 1496 1704 stadium
1517 1633 1618 1705 urbis
1635 1637 1734 1706 Kar-

133 1765 392 1863 hae-Lizanae,
416 1763 649 1837 patriarchae
669 1764 834 1838 indicens
858 1777 899 1837 ut
919 1766 1147 1864 praeciperet
1165 1764 1420 1875 praesentibus
1440 1764 1650 1839 christianis
1672 1793 1734 1839 re-

134 1899 301 1971 nuntiare
322 1897 468 1971 Christo
493 1923 534 1969 ac
558 1897 658 1996 regis
678 1897 894 1997 religionem
917 1897 1101 1995 amplecti,
1120 1899 1217 1996 quod
1241 1899 1272 1970 si
1296 1897 1460 1970 facerent
1480 1923 1519 1970 se
1535 1899 1588 1971 eis
1604 1924 1730 1997 opum,

134 2055 324 2106 munerum
344 2042 453 2128 atque
472 2030 651 2103 honorum
666 2044 842 2129 quantum
862 2042 1074 2130 expeterent
1090 2056 1363 2117 concessurum,
1382 2030 1438 2102 sin
1454 2044 1575 2104 autem
1591 2032 1733 2105 detrec-

133 2176 265 2251 tarent,
285 2162 445 2236 eervices
465 2163 518 2235 eis
539 2163 793 2237 incunctanter
812 2163 1021 2236 obtruncari
1041 2163 1239 2236 iussurum.
1254 2165 1303 2236 At
1323 2176 1427 2262 pater
1446 2177 1595 2237 sanetus
1615 2165 1733 2238 incla-

133 2299 244 2370 mavit
264 2296 341 2370 eis:
366 2324 384 2367 (t
407 2298 482 2369 lam
502 2322 597 2368 nune
618 2297 786 2382 audistis,
802 2296 880 2382 filii,
896 2297 994 2369 dicta
1015 2297 1165 2396 Saporis
1180 2322 1225 2369 ex
1248 2322 1309 2369 ore
1330 2297 1423 2383 eius,
1440 2296 1527 2395 quid
1540 2297 1656 2396 pluris
1675 2298 1733 2372 fa—

134 2431 230 2518 citis,
247 2429 343 2502 dona
357 2430 527 2503 caelestis
542 2429 643 2528 regis
659 2429 697 2501 in
717 2442 905 2503 aeternum
920 2431 1118 2528 perstitura
1134 2457 1180 2502 an
1194 2430 1344 2517 terreni,
1362 2457 1455 2529 quae
1471 2431 1566 2503 lluxa
1586 2445 1672 2504 sunt
1690 2459 1732 2505 ac

134 2587 364 2636 aerumnosa.
389 2594 406 2628 »
424 2561 482 2634 Ad
501 2560 591 2634 haec
611 2586 720 2633 unam
740 2561 833 2634 hanc
850 2562 1057 2636 extulerunt
1074 2589 1225 2636 vocem:
1246 2595 1262 2630 «
1279 2566 1310 2636 Ο
1327 2565 1533 2637 venerande
1549 2562 1731 2663 dignitate

133 2697 201 2785 vir,
221 2721 312 2796 grex
330 2721 396 2768 nos
418 2694 554 2768 Christi
578 2719 705 2767 sumus
724 2708 763 2768 tu
788 2695 894 2768 nobis
918 2709 1045 2794 pastor
1066 2696 1112 2768 ab
1131 2696 1212 2795 ipso
1227 2696 1480 2794 praestitutus,
1495 2710 1731 2795 praeceptum

133 2843 237 2902 tuum
259 2853 331 2901 non
352 2827 684 2926 transgrediemur;
708 2827 805 2925 quod
830 2854 931 2902 amas
951 2853 1128 2915 amamus,
1152 2828 1248 2927 quod
1271 2828 1381 2901 odisti
1407 2829 1550 2902 odimus
1573 2858 1606 2902 x.
1629 2834 1731 2902 Tunc

134 2962 196 3034 ille
210 2961 278 3034 Dei
294 2960 471 3033 charitate
491 2971 594 3032 actus
611 2988 618 3030 :
638 2989 655 3028 ‹
673 2960 833 3048 Calcate,
851 2962 981 3060 inquit,
1000 2962 1078 3050 filii,
1096 2962 1224 3034 mortis
1238 2962 1417 3049 aculeum,
1431 2962 1533 3034 illum
1548 2963 1645 3034 enim
1660 2962 1732 3035 iam

134 3095 246 3192 lregit
266 3094 434 3167 Christus
456 3093 616 3165 moriens
636 3118 678 3165 ac
698 3119 923 3193 resurgens:
946 3095 1159 3192 patientiam
1180 3108 1339 3168 vestram
1362 3095 1591 3169 dilectissimi
1611 3096 1732 3168 inten-

136 3228 210 3300 dite
229 3225 383 3298 viriliter
397 3238 636 3324 etproperate
651 3227 798 3325 assequi
815 3227 972 3301 caeleste
988 3252 1157 3327 regnum,
1171 3241 1387 3327 superantes
1398 3229 1551 3301 insidias
1571 3229 1651 3301 eius
1672 3229 1732 3327 qui

134 3360 235 3433 ducit
254 3358 299 3431 ad
319 3384 478 3432 errorem
489 3385 531 3431 ac
543 3359 769 3433 coecitatem.
795 3392 813 3426 »
837 3360 1083 3434 Exaeerbatus
1103 3387 1166 3434 rex
1182 3364 1298 3460 Sapor
1318 3361 1375 3433 his
1387 3361 1522 3448 verbis,
1537 3361 1732 3434 excanduit

134 3506 170 3567 et
189 3493 297 3565 iussit
311 3493 389 3565 acie
409 3492 523 3591 gladii
543 3492 704 3592 praecidi
724 3494 884 3567 cervices
905 3519 1043 3566 eorum.
1067 3493 1143 3567 lllis
1160 3493 1329 3567 omnibus
1349 3494 1525 3592 martyrio
1546 3496 1731 3567 coronatis

137 3625 351 3699 exclamavit
364 3629 472 3698 Pater
488 3637 635 3698 sanctus
659 3653 666 3697 :
692 3654 709 3696 «
734 3627 788 3699 Sit
803 3630 881 3699 Deo
895 3627 975 3700 laus
996 3641 1032 3700 et
1052 3627 1184 3727 gloria,
1198 3628 1296 3726 quod
1316 3627 1438 3699 nullus
1454 3627 1611 3699 filiorum
1632 3653 1733 3700 meo-

138 3784 217 3831 rum
237 3759 322 3831 sivit
340 3785 398 3831 me
410 3759 555 3857 pudere
577 3786 595 3828 a
616 3771 653 3831 et
672 3759 744 3831 iam
765 3760 926 3858 seipsum
942 3760 1098 3833 oll'erens
1123 3760 1203 3833 neci
1227 3789 1234 3830 :
1260 3792 1277 3826 «
1301 3763 1388 3845 Has,
1408 3760 1472 3846 ait,
1489 3761 1613 3857 accipe
1634 3764 1733 3833 Deus

137 3889 304 3964 victimas
330 3916 453 3990 puras.
474 3919 491 3961 »
514 3891 695 3965 Omnibus
724 3892 846 3991 itaque
873 3893 1066 3966 exstinctis
1097 3893 1269 3966 volebant
1299 3894 1398 3992 magi
1425 3893 1578 3966 cremari
1610 3919 1734 3966 eorum

139 4050 308 4123 corpora;
327 4038 364 4097 at
381 4037 530 4097 ventum
550 4025 649 4096 misit
669 4028 768 4097 Deus
789 4024 1055 4109 vehementem,
1072 4027 1134 4125 qui
1152 4039 1292 4098 tantam
1312 4052 1443 4099 arenae
1466 4026 1607 4125 copiam
1625 4051 1736 4125 super

140 4158 202 4230 illa
222 4158 422 4257 congessit,
445 4170 486 4230 ut
507 4157 545 4228 in
564 4156 718 4231 sormam
737 4159 878 4255 proceri
907 4158 1010 4231 collis
1030 4173 1256 4258 assurgeret,
1273 4160 1334 4257 qui
1355 4173 1390 4232 et
1414 4185 1510 4231 nunc
1529 4171 1670 4258 perstat
1694 4184 1734 4230 ac

138 4290 292 4364 subinde
311 4317 376 4389 per
395 4290 528 4363 clivum
543 4289 645 4362 illum
661 4290 784 4363 variae
802 4304 956 4363 vernant
970 4292 1115 4389 plantae
1129 4293 1221 4364 miro
1237 4291 1348 4365 odore
1362 4293 1584 4390 fragrantes.
1601 4294 1735 4365 Nostro

139 4425 248 4496 ctiam
267 4437 431 4521 tempore
451 4423 529 4496 eius
549 4423 711 4523 regionis
725 4422 923 4496 Christiani
943 4423 1235 4498 benedictionem
1256 4451 1300 4497 ex
1319 4425 1381 4497 illo
1397 4425 1477 4497 loco
1493 4425 1665 4497 invocant
1684 4437 1735 4496 at-

139 4582 208 4655 que
229 4557 411 4629 interdum
432 4556 515 4627 inde
531 4556 584 4628 eis
604 4556 773 4655 prodigia
789 4557 972 4629 eveniunt.

214 4689 290 4763 Sub
309 4690 418 4761 linem
438 4688 523 4760 anni
543 4687 641 4761 illius
661 4688 778 4762 occidi
804 4690 988 4762 mandavit
1013 4690 1146 4788 impius
1167 4693 1285 4791 Sapor
1303 4689 1522 4763 christianos
1542 4689 1735 4789 regionum

140 4827 355 4922 Bagarmae,
374 4821 618 4907 harh-Saluh,
640 4821 777 4894 Ahwaz
801 4822 1074 4911 Deir-Ahmari,
1095 4822 1265 4910 Arbelae,
1289 4823 1477 4921 Assyriae,
1500 4821 1648 4909 Mosuli,
1677 4822 1737 4894 Ni·

141 4956 257 5042 nivae,
282 4959 445 5054 Margae,
468 4955 630 5040 Gesirae,
651 4954 860 5052 Euphratis,
878 4956 925 5028 ad
940 4969 1086 5028 centum
1105 4957 1306 5055 nonaginta
1322 4955 1509 5027 hominum
1524 4954 1685 5028 millia...

213 5090 379 5160 Mortuus
401 5088 523 5186 itaque
548 5101 604 5160 est
627 5099 732 5185 pater
758 5089 826 5160 iste
854 5102 1002 5162 sanctus
1028 5089 1175 5162 Simeon
1202 5089 1398 5161 Barsaba‘e
1424 5089 1461 5159 in
1485 5083 1637 5188 regione
1665 5091 1737 5160 llu-

138 5222 292 5293 zitarum
322 5221 360 5291 in
389 5221 685 5308 Karha-Lizana,
708 5221 766 5294 die
798 5221 1001 5295 dominicae
1035 5222 1298 5321 crucifixionis,
1328 5222 1371 5293 13
1402 5221 1541 5319 aprilis,
1565 5246 1661 5295 auno
1680 5220 1736 5311 ¹ab

138 5354 348 5428 Alexandro
367 5353 438 5425 655
457 5356 576 5453 [supp.
599 5355 725 5452 pasch.
749 5355 784 5426 2.
808 5355 880 5450 36].

213 5487 334 5560 Prima
348 5512 433 5585 pars
453 5487 673 5561 narrationis
689 5489 809 5576 istius,
825 5515 945 5562 sermo
966 5490 1107 5563 scilicet
1123 5492 1160 5563 S.
1180 5488 1362 5563 Simeonis
1376 5487 1490 5561 verbo
1505 5500 1614 5560 tanus
1628 5512 1739 5587 repe-

137 5621 229 5694 ritur
242 5621 279 5692 in
292 5622 381 5709 MS„
400 5620 539 5718 reliqua
550 5621 898 5722 exaggerationibus
910 5622 1119 5696 enormibus
1135 5637 1241 5696 aucta
1257 5635 1360 5709 sunt;
1371 5622 1441 5694 tria
1454 5620 1569 5694 millia
1579 5619 1736 5696 elerico·
