3884 6316
815 392 1072 467 t‘RnEFnTIO.
1244 484 1248 494 Ι
1338 385 1343 395 “
1665 397 1742 456 1364

217 560 274 652 (Β)
298 555 424 630 Codex
445 557 557 650 simpl.
579 580 692 649 quaer.
724 557 852 642 ritu,
875 553 970 628 inter
999 554 1092 628 alios
1119 554 1364 654 astrologicos
1383 567 1563 628 tractatus
1587 555 1737 653 profert,

142 681 206 755 l‘ol.
225 682 285 753 36¹
303 707 310 752 :
331 679 445 763 Βίὸλος
463 692 568 776 σοφίας
587 682 639 751 καὶ
654 689 798 763 συνέσεως
812 688 1069 776 ἀποτελεσμάτων
1086 687 1298 752 Ἀπολλωνίου
1317 693 1373 754 τοῦ
1389 684 1545 770 Τυανέως
1563 682 1663 752 Liber
1680 704 1740 751 tu·

136 811 291 899 pientiae
318 818 349 875 et
380 807 639 898 intelligentiae,
662 802 716 900 (id
743 809 812 898 est)
840 807 1122 899 apotelesmatum
1148 806 1322 898 Apollonii
1351 807 1552 899 'synoensis
1578 803 1741 875 Veniunt

142 929 275 1002 deinde
296 927 534 1024 introductio,
550 927 697 1001 nomina
715 941 921 1027 temporum
946 927 1032 1001 anni
1057 940 1095 1002 et
1119 929 1289 1001 horarum
1312 927 1385 1001 diei
1410 953 1453 1001 ac
1472 928 1605 1013 noctis,
1628 926 1739 1001 horae

141 1054 283 1126 faustae
297 1052 384 1139 diei,
401 1052 578 1126 formulae
595 1051 831 1152 precationis,
847 1052 996 1125 nomina
1011 1052 1226 1152 angelorum
1242 1052 1304 1150 qui
1320 1065 1496 1152 praesunt
1510 1051 1739 1150 temporibus

141 1177 227 1249 anni
249 1178 307 1250 vel
326 1176 535 1250 hominibus
560 1176 668 1250 iustis
688 1189 724 1250 et
753 1177 857 1263 mari,
885 1202 927 1248 ae
956 1177 1104 1249 nomina
1128 1176 1231 1263 solis,
1253 1177 1375 1263 lunae,
1397 1189 1616 1275 temporum,
1638 1176 1739 1249 venti

141 1302 230 1393 (lol.¹
243 1302 414 1396 :ta-40¹„
433 1301 601 1401 seqnitur
625 1313 803 1374 tractatus
823 1301 1069 1374 astronomiae
1090 1313 1126 1374 et
1147 1300 1371 1400 astrologiae
1391 1300 1435 1374 de
1455 1299 1671 1386 meridiano,
1694 1300 1738 1372 dc

141 1425 244 1512 hora,
263 1425 307 1499 de
334 1439 435 1500 motu
458 1439 495 1498 et
521 1424 777 1499 coniunctione
802 1438 997 1512 astrorum,
1016 1426 1061 1499 de
1077 1426 1284 1525 hexagono,
1301 1425 1450 1525 trigono
1471 1436 1509 1499 et
1526 1438 1736 1523 tetragono,

139 1549 185 1622 de
201 1549 409 1623 inventione
430 1549 639 1649 horoscopi,
656 1549 703 1622 de
726 1562 891 1648 tempore
911 1549 1154 1649 aggrediendi
1178 1550 1304 1622 hostes
1328 1562 1399 1624 etc.
1417 1549 1551 1623 Ultima
1565 1550 1628 1621 illa
1654 1574 1738 1647 pars

139 1672 186 1745 ab
206 1673 278 1747 alio
295 1674 394 1747 fonte
413 1673 660 1747 verisimiliter
679 1688 872 1773 promanat
893 1688 929 1748 et
953 1674 1105 1773 insuper
1119 1672 1272 1747 minoris
1290 1687 1346 1747 est
1368 1673 1542 1747 momenti
1564 1698 1646 1746 oum
1665 1672 1738 1746 iam

138 1810 319 1872 tractatus
338 1797 485 1897 plurimi
507 1798 753 1871 astronomiae
772 1812 809 1871 et
828 1797 1054 1898 astrologiae
1074 1798 1148 1870 sint
1170 1810 1206 1870 et
1229 1797 1318 1870 editi
1340 1811 1377 1870 ct
1395 1796 1550 1896 vulgati.
1576 1797 1738 1871 Priorem

136 1935 262 1996 tamen
281 1934 423 2021 partem
442 1922 626 2022 integram
646 1921 779 1996 edituri
799 1946 941 2010 sumus,
959 1923 1046 2020 quia
1060 1921 1214 1995 multum
1229 1921 1371 1996 confert
1389 1921 1435 1994 ad
1453 1921 1645 1995 historiam
1665 1946 1738 1994 non

137 2060 282 2120 tantum
304 2051 508 2120 Testamenti
525 2051 637 2141 putris
658 2050 766 2118 riustri
784 2049 892 2119 Adam
913 2046 979 2121 ssd
999 2046 1109 2119 etiam
1128 2046 1410 2145 Angelologiae.
1429 2045 1585 2119 Nomina
1602 2044 1677 2133 illa,
1694 2070 1738 2118 ex

138 2171 311 2244 hebraico
327 2171 426 2245 fonte
447 2195 556 2270 saepe
572 2172 716 2256 hausta,
734 2172 847 2244 tradit
863 2170 1094 2270 Apollonius,
1114 2183 1156 2243 ut
1172 2170 1327 2269 quisque
1347 2169 1559 2270 astrologus
1573 2170 1737 2269 prolerre

137 2295 257 2395 possit
276 2295 425 2369 nomina
450 2320 559 2395 quam
581 2295 737 2368 maxime
756 2294 1034 2368 accommodata
1058 2295 1095 2366 in
1118 2293 1196 2367 suis
1212 2293 1487 2393 precationibus
1507 2307 1544 2367 et
1567 2294 1737 2375 coniura-

137 2419 314 2492 tionibus.
339 2418 556 2493 Huiusmodi
583 2418 881 2493 nomenclaturae
908 2418 1144 2492 inveniuntur
1161 2418 1200 2491 iu
1226 2417 1321 2492 libro
1340 2422 1485 2504 Herroclr,
1509 2417 1596 2491 licet
1621 2443 1738 2517 pauca

135 2556 281 2617 tantum
300 2543 450 2616 nomina
473 2543 547 2616 sint
563 2543 709 2642 utrique
728 2542 822 2616 libro
843 2543 1061 2616 communia.

210 2669 266 2760 (C)
286 2669 410 2742 Codex
430 2692 587 2767 graecus
604 2668 700 2740 2316
722 2666 785 2740 fol.
806 2669 891 2739 324*
913 2668 1009 2740 inter
1027 2666 1128 2740 varia
1154 2646 1327 2765 excerpta
1348 2666 1502 2739 aliorum
1526 2665 1737 2766 astrologo·

137 2816 231 2880 rum,
249 2792 357 2865 ollert
378 2804 521 2865 tantum
544 2819 552 2864 :
573 2798 620 2864 lle
647 2794 782 2864 tremine
806 2795 968 2864 tororum
994 2795 1064 2863 <tui
1086 2817 1126 2862 ae
1150 2794 1255 2864 riaetis
1279 2790 1358 2863 sine
1385 2790 1532 2864 nomine
1551 2786 1732 2864 auctoris.

212 2918 271 3009 (D)
289 2916 413 2990 Codex
431 2919 544 3011 suppl.
561 2942 675 3010 praee.
698 2916 758 3001 20,
777 2914 840 2988 lol.
869 2915 950 3002 170,
970 2914 1176 3014 exscriptus
1195 2928 1253 2987 est
1272 2939 1294 2987 a
1313 2917 1359 2987 D.
1378 2914 1533 2988 lsmaele
1553 2913 1735 2987 Bullialdo

136 3040 311 3114 ecodice
337 3040 371 3114 A
397 3047 477 3135 (seu
504 3041 614 3134 2419)
643 3052 679 3113 et
709 3039 865 3112 multum
900 3038 1007 3113 nobis
1039 3038 1191 3138 proluit,
1222 3063 1306 3111 nam
1341 3064 1468 3113 omnes
1499 3038 1561 3112 isti
1590 3039 1736 3113 codices

136 3163 352 3264 astrologioi
380 3165 540 3263 pessime
571 3176 657 3236 sunt
684 3162 824 3237 exarati
851 3175 887 3236 et
914 3162 1057 3236 mendis
1081 3175 1237 3251 scatent,
1264 3177 1305 3236 ut
1333 3162 1460 3236 videre
1489 3174 1546 3236 est
1577 3162 1669 3235 infra
1698 3162 1736 3235 in
1820 3199 1826 3210 ·

136 3301 316 3388 apparatu
336 3289 477 3374 critico,
495 3287 651 3386 ipsemet
667 3286 873 3360 Bullialdus
894 3311 967 3360 non
989 3286 1110 3360 omnia
1132 3287 1367 3386 transcripsit
1390 3287 1457 3361 sed
1476 3312 1586 3386 saepe
1601 3286 1737 3385 proluit

138 3411 247 3485 nobis
271 3412 369 3485 illius
390 3411 513 3485 lectio.

345 3698 387 3768 ll.
418 3699 471 3767 Αιι
492 3697 640 3790 potirerit
660 3698 862 3790 Apollonius
885 3698 1073 3791 Tyanensis
1094 3698 1218 3768 librum
1239 3700 1341 3768 istum
1361 3694 1535 3768 scribere?

209 3925 405 4024 Apollonio
424 3926 485 4000 vix
500 3937 657 4011 mortuo,
675 3926 747 3998 iam
768 3950 834 4025 per
855 3951 919 3999 ora
938 3925 1041 4024 vulgi
1066 3939 1102 3999 et
1121 3950 1343 4024 praeconum
1363 3939 1404 3999 nt
1418 3951 1550 4026 magus
1571 3925 1734 4001 habeba·

135 4065 208 4124 tur.
242 4053 319 4123 lloo
344 4049 580 4123 asseverabat.
600 4053 855 4149 Moeragenes,
883 4049 1023 4149 primns
1041 4049 1120 4121 eius
1145 4048 1480 4148 historiographus,
1505 4050 1601 4122 sicut
1623 4051 1733 4148 paulo

135 4187 220 4272 post
239 4186 397 4248 testatus
418 4185 474 4253 est
494 4172 678 4273 Origenes
698 4173 756 4246 his
775 4173 944 4247 verbis²:

209 4301 288 4394 Περὶ
306 4309 437 4398 μαγείας
453 4303 553 4395 φαμὲν
569 4305 649 4369 dard
669 4306 850 4394 βουλόμενος
862 4300 1015 4383 ἐξετάσαι,
1033 4302 1163 4394 πότιμόν
1182 4328 1257 4370 ποτε
1277 4301 1331 4369 καὶ
1347 4310 1508 4395 φιλόσοφοι
1524 4300 1643 4370 ἁλωτοί
1661 4314 1733 4370 εἰσιν

135 4430 215 4521 αὐτῇ
238 4425 257 4500 ἢ
282 4431 339 4520 μή,
362 4428 530 4522 ἀναγνώτω
548 4434 589 4494 τὰ
611 4432 807 4521 γεγραμμένοι
825 4427 1023 4519 Μοιραγένει,
1046 4433 1192 4519 <πεμ1>
1206 4441 1270 4493 τῶν
1291 4425 1503 4496 Ἀπολλωνίου
1523 4438 1576 4495 τοῦ
1593 4429 1733 4505 Τυανέως

134 4558 234 4645 μάγου
253 4549 305 4617 καὶ
326 4551 490 4644 φιλοσόφου
514 4556 850 4644 ἀπομνημονευμάτων,
873 4550 902 4616 ἐν
923 4545 1000 4628 οἷςό
1027 4555 1069 4642 μὴ
1096 4551 1295 4643 Χριστιανὸς,
1318 4552 1403 4618 ἀλλὰ
1420 4555 1598 4644 φιλόσοφος,
1623 4553 1732 4645 ἔφησεν

134 4679 253 4742 ἁλῶναι
271 4681 402 4754 ὑπὸτῆς
421 4678 449 4742 dv
468 4674 672 4762 Ἀπολλωνίῳ
687 4682 817 4767 μαγείας
833 4675 889 4743 οὐκ
905 4675 1037 4768 ἀγεννεῖς
1050 4699 1136 4752 τινας
1158 4679 1350 4767 φιλοσόφους,
1368 4680 1408 4754 ὡς
1426 4683 1499 4768 πρὸς
1515 4677 1618 4771 γόητα
1638 4677 1732 4744 αὑτὸν

133 4799 338 4877 εἰσελθόντας.
357 4799 424 4883 Qui
437 4799 524 4867 seire
545 4798 697 4877 noluerit,
717 4798 821 4888 possit
840 4797 985 4888 quidun
1005 4797 1096 4864 nihil
1117 4798 1150 4865 in
1165 4796 1457 4889 philosophasset
1477 4800 1622 4891 magica,
1643 4800 1734 4890 legat

133 4922 322 4992 malilosa
341 4926 539 5014 Moeragene
560 4946 609 4991 res
624 4920 798 5013 Apollonii
818 4922 1018 5013 Tyrannum,
1046 4921 1141 5013 ntupi
1157 4921 1263 4990 sineret
1282 4933 1313 4990 et
1324 4923 1534 5015 philosophi,
1565 4946 1733 4993 mentoru-

131 5047 228 5115 tiles.
253 5050 465 5137 rlloerupenes
490 5057 601 5116 aretem
629 5028 689 5116 ille
714 5069 777 5115 raon
800 5046 1029 5125 Christianus,
1055 5047 1112 5114 sed
1130 5045 1353 5137 philosophus
1375 5057 1462 5116 erat.
1485 5049 1599 5136 Refert
1621 5059 1732 5118 tamen

196 5279 221 5335 1.
246 5271 356 5335 Codex
379 5273 433 5336 ille
457 5283 585 5356 emptus
608 5273 712 5335 estin
736 5272 827 5335 ltalia
849 5292 867 5333 a
890 5271 1051 5335 Gulielmc
1073 5271 1223 5348 Felicior,
1248 5273 1369 5358 legitur
1393 5274 1425 5336 in
1440 5274 1502 5338 fine
1528 5275 1592 5356 (tot.
1614 5282 1697 5357 231t')
1721 5298 1728 5339 :
1775 5344 1779 5354 ,

127 5383 185 5440 ἔτει
204 5381 318 5458 Χριστοῦ
340 5385 415 5442 1573
430 5381 478 5452 τὴν
494 5383 521 5440 δε
535 5382 582 5454 τὴν
599 5380 690 5461 βίὸλον
704 5379 879 5458 ἀν1γνωκενὸ
900 5379 1014 5440 Ναυλὼτ
1029 5386 1076 5453 τῆς
1090 5381 1220 5448 κοιλάδος.
1238 5377 1336 5442 Anno
1353 5379 1480 5444 Christi
1496 5385 1585 5460 1573,
1602 5382 1731 5448 Ναιεὶοἰ

126 5485 288 5549 vallensis
302 5485 430 5570 (gallice
447 5508 454 5549 :
472 5486 593 5550 Claude
608 5486 725 5549 Naulot
739 5484 916 5566 d’AvallonJ
934 5485 1012 5568 legit
1024 5486 1112 5547 burm
1127 5487 1258 5551 librum.

191 5596 221 5651 2.
238 5589 360 5676 bligne,
374 5592 414 5654 P.
434 5591 471 5656 G.
489 5603 511 5656 t.
529 5592 583 5667 Xl,
600 5592 661 5655 col.
683 5596 768 5655 1357.
