3878 6316
129 400 205 458 1063
817 389 1072 453 PRAEFATIO.

133 557 189 628 l·7
212 553 359 627 aliunde
378 555 572 650 desumpta
592 577 689 637 esse,
708 577 801 650 quae
826 566 989 624 ceterum
1010 577 1077 624 nee
1099 552 1168 624 toti
1185 551 1302 624 tenori
1322 551 1574 650 reliquorum
1597 550 1747 623 Psalmo

130 714 210 761 rum
239 687 478 772 conveniunt;
505 711 588 758 cum
613 698 735 758 autem
761 685 912 770 Psalmi,
944 685 1005 782 qui
1025 685 1199 758 dicuntur
1223 683 1454 778 Salomonis,
1488 685 1575 757 iam
1608 685 1746 757 saeculo

130 822 247 920 primo
276 835 361 893 ante
390 819 579 893 Christum
602 819 673 891 orti
703 818 790 904 sint,
814 818 997 891 sententia
1024 818 1190 906 Charles,
1217 830 1344 917 utpote
1371 843 1548 916 prorsus
1579 816 1745 916 gratuita.

131 954 235 1028 nihili
252 954 423 1027 habenda
438 967 508 1026 est.

205 1091 240 1159 5.
268 1086 514 1186 Apocalypsis
534 1085 678 1158 Baruch
702 1097 867 1182 spectata
889 1085 969 1157 eius
989 1083 1173 1182 positione
1197 1085 1234 1156 in
1254 1110 1291 1157 re
1312 1085 1508 1158 litteraria
1534 1083 1747 1157 ludaeorum

131 1222 289 1320 pertinet
316 1220 361 1292 ad
385 1219 486 1291 illam
508 1243 659 1317 operum
682 1217 855 1315 speciem,
879 1216 1040 1290 indolem
1059 1217 1278 1290 exstatieam
1305 1217 1651 1316 visiouariamque
1675 1243 1746 1316 praa

132 1380 171 1427 se
196 1353 403 1439 serentium,
424 1377 517 1450 quae
537 1352 686 1424 saeculo
707 1352 825 1450 primo
846 1363 929 1424 ante
951 1363 987 1423 et
1007 1362 1092 1448 post
1110 1352 1308 1424 adventum
1328 1351 1401 1423 Dsri
1423 1375 1580 1450 magno
1608 1376 1745 1424 numero

131 1487 357 1584 prodierunt.
384 1485 644 1558 Charaeterem
671 1484 901 1557 litteraturae
923 1483 1032 1556 huius
1056 1497 1154 1557 recte
1180 1483 1354 1558 iudicavit
1378 1486 1448 1558 W.
1477 1487 1656 1557 Bousset
1678 1509 1744 1557 ean

134 1650 151 1689 a
167 1618 334 1692 laicalem
351 1650 368 1685 u
384 1617 549 1716 apellans
562 1621 585 1687 ¹.
604 1617 748 1690 Etenim
764 1630 928 1714 tempore
942 1616 1285 1701 Macchabaeorum,
1300 1643 1384 1690 eum
1394 1617 1495 1690 ordo
1511 1618 1744 1692 sacerdotum

132 1777 277 1848 semper
298 1753 541 1850 degeneraret
564 1750 770 1848 summique
796 1750 1008 1824 sacerdotes
1029 1763 1066 1822 et
1093 1750 1225 1848 reliqui
1245 1774 1434 1822 sacrorum
1463 1750 1644 1824 ministri
1666 1750 1744 1849 pris

132 1886 245 1958 tinam
275 1885 531 1958 auctoritatem
567 1883 743 1983 paulatim
777 1883 1044 1982 perdidissent,
1075 1882 1248 1957 salutaris
1277 1883 1461 1983 quaedam
1494 1885 1649 1957 reactio
1676 1898 1744 1958 orta

132 2030 189 2091 est
216 2043 260 2090 ex
286 2031 389 2115 parte
416 2018 520 2116 vulgi
543 2029 659 2090 semet
684 2017 795 2089 fastui
818 2016 958 2089 ordinis
981 2016 1218 2089 haereditarii
1241 2017 1479 2090 sacerdotum
1503 2018 1740 2116 opponentis.

132 2151 268 2250 quippe
284 2175 378 2248 quos
397 2175 547 2223 munere
568 2150 660 2248 ipsis
676 2150 875 2222 commisso
895 2149 1071 2249 indignos
1092 2149 1353 2223 existimasset.
1372 2149 1622 2224 Auctoritate
1647 2150 1741 2222 huius

136 2298 258 2357 motus
292 2283 520 2382 plebeiorum
554 2283 660 2356 multi
689 2283 856 2356 homines
883 2283 934 2381 pii
967 2283 1134 2381 quidem,
1163 2284 1228 2356 sed
1257 2284 1305 2356 ad
1327 2281 1465 2383 vulgus
1493 2283 1627 2381 plebis
1663 2283 1741 2356 rude

133 2417 360 2515 pertinentes
390 2442 527 2516 magno
556 2442 638 2490 cum
665 2415 744 2489 zelo
772 2415 895 2489 studio
925 2416 1020 2515 legis
1046 2416 1362 2514 speculationique
1388 2416 1640 2516 theologicae
1661 2441 1741 2516 ope·

133 2576 210 2623 ram
231 2550 317 2623 dare
344 2549 570 2647 inceperunt.
596 2549 659 2647 qui
684 2575 766 2622 cum
788 2562 914 2623 essent
935 2528 1103 2623 homiues
1124 2549 1234 2623 rudes
1258 2574 1459 2648 parumque
1481 2549 1643 2637 eruditi,
1672 2551 1739 2624 sin·

134 2691 254 2792 gulari
270 2717 352 2764 cum
374 2692 497 2764 studio
513 2716 573 2764 res
592 2691 756 2764 exoticas
776 2690 1018 2789 insolitasque
1037 2691 1235 2789 captabant
1250 2704 1285 2763 et
1300 2690 1462 2763 visiones
1483 2692 1739 2789 phantasticas

133 2825 436 2923 praetendebant,
459 2824 594 2923 quibus
620 2850 678 2897 res
697 2825 840 2897 futuras
867 2824 938 2897 sibi
964 2824 1145 2898 revelatas
1169 2849 1252 2897 esse
1278 2824 1563 2898 asseverabant.
1588 2825 1738 2924 Vulgari

134 2959 248 3031 indoli
274 2958 436 3031 virorum
464 2958 687 3030 conveniunt
709 2986 726 3028 a
749 2958 991 3056 apocalypses
1015 2985 1032 3027 u
1056 2958 1102 3031 ab
1131 2957 1221 3058 ipsis
1254 2971 1437 3043 exaratae,
1467 2983 1567 3057 quae
1600 2971 1739 3031 scatent

132 3090 338 3163 visionibus
352 3090 568 3188 phantasiae
585 3091 797 3176 indomitae,
812 3091 923 3163 rebus
937 3091 1092 3164 exoticis
1105 3091 1535 3189 contradictionibusque
1551 3090 1736 3164 absurdis.

136 3224 201 3296 His
218 3236 341 3296 autem
356 3248 429 3296 uon
449 3223 685 3297 obstantibus
703 3249 815 3323 opera
835 3224 906 3297 ista
921 3224 1175 3322 apocalyptica
1190 3224 1316 3323 magni
1333 3223 1507 3297 momenti
1528 3238 1639 3311 sunt3
1659 3249 1737 3297 uam

134 3356 279 3428 lidelem
303 3355 412 3428 nobis
437 3356 612 3430 exhibent
634 3356 833 3455 imaginem
859 3356 1094 3443 evolationis,
1120 3382 1212 3455 quas
1239 3357 1344 3430 ideae
1369 3358 1512 3455 aliquae
1539 3357 1736 3457 religiosae

135 3490 232 3587 apud
260 3489 415 3562 ludaeos
444 3489 603 3564 subiere.
638 3490 820 3563 Notabilis
849 3502 906 3563 est
936 3490 1113 3588 imprimis
1143 3490 1265 3578 nisus,
1295 3490 1357 3590 qui
1383 3491 1419 3563 in
1444 3489 1644 3590 theologia
1675 3491 1736 3563 hac

134 3622 302 3721 populari
336 3621 566 3710 observatur,
597 3623 644 3695 ad
673 3637 873 3722 conceptus
902 3623 1144 3711 universales,
1176 3625 1245 3696 sub
1284 3624 1418 3722 quibus
1452 3623 1582 3698 relicto
1614 3649 1735 3698 crasso

12 3776 15 3782 ·
135 3755 354 3828 ludaeorum
373 3755 668 3853 particularismo
692 3756 920 3854 problemata
943 3757 1123 3855 quaedam
1138 3756 1351 3857 theologica
1367 3757 1587 3855 pertractari
1606 3783 1734 3862 coepe·

134 3902 231 3961 runt.
255 3892 485 3988 Quamquam
510 3889 668 3987 populus
691 3889 830 3963 electus
854 3889 1076 3988 positionem
1099 3915 1204 3963 suam
1228 3890 1428 3963 centralem
1451 3890 1489 3962 in
1510 3891 1733 3988 speculatio·

135 4022 244 4095 uibus
269 4021 370 4094 hisce
392 4023 631 4120 popularibus
659 4048 733 4096 non
758 4023 894 4110 amisit,
918 4048 1076 4121 spesque
1100 4023 1286 4096 Massiena
1312 4023 1468 4097 ulterius
1492 4024 1646 4097 evoluta
1668 4037 1729 4103 est.

135 4168 295 4229 attamen
311 4155 492 4228 eiusmodi
512 4155 784 4254 speculationes
802 4157 849 4228 ad
874 4169 1006 4257 gentes
1021 4160 1140 4251 (nitu)
1157 4182 1303 4256 quoque
1326 4159 1575 4231 extenduntur
1595 4183 1732 4231 eorum·

135 4311 206 4386 que
229 4286 357 4361 relatio
379 4288 427 4360 ad
443 4288 619 4386 populum
636 4288 807 4375 electum,
823 4314 978 4387 regnum
1000 4290 1239 4376 Messiauum,
1261 4290 1509 4389 iudiciumque
1528 4290 1731 4364 universale

135 4421 402 4494 consideratur.

87 4628 91 4635 ,
210 4553 275 4625 llis
295 4554 419 4651 itaque
434 4554 594 4627 breviter
613 4555 828 4653 praemissis
844 4556 994 4656 singula
1014 4557 1195 4630 elementa
1211 4557 1402 4630 doctrinae
1418 4555 1620 4655 religiosae
1636 4560 1731 4656 Apo·

135 4688 328 4785 calypseos
345 4687 488 4759 Baruch
504 4688 789 4786 perpendantur.

208 4822 249 4892 lu
274 4819 461 4893 attributis
495 4820 628 4894 divinis
659 4822 803 4919 poetice
834 4822 1087 4896 describendis
1117 4836 1245 4896 auctor
1272 4821 1419 4896 excellit
1443 4821 1506 4919 (cl.
1535 4850 1594 4910 xx,
1624 4826 1728 4906 aaa

138 4980 262 5038 xuvru,
284 4954 405 5045 4-l0).

183 5086 359 5158 blandum
375 5099 524 5184 propter
551 5087 734 5161 hominem
757 5102 921 5161 creatum
944 5115 1026 5163 esse
1054 5089 1223 5188 explicite
1251 5090 1359 5162 docet
1377 5090 1465 5185 (mv,
1496 5092 1541 5164 17
1566 5098 1655 5191 sq),
1678 5104 1732 5164 at-

196 5411 222 5466 1.
246 5404 308 5466 Die
317 5405 474 5485 jrtdisrlre
492 5407 730 5490 Apol-alpptilc,
754 5408 873 5483 Berlin,
898 5414 985 5483 1903,
1004 5431 1035 5491 p.
1059 5415 1078 5471 8
1098 5430 1146 5492 sq.
1170 5414 1373 5492 Quamquam
1388 5409 1492 5489 ‚docto
1518 5409 1595 5474 huic
1613 5412 1683 5475 viro
1701 5413 1731 5473 in

134 5510 285 5572 onrnibus
304 5531 367 5573 non
383 5512 553 5587 assentior,
578 5533 640 5574 non
656 5522 762 5596 potest
781 5515 893 5599 negari
919 5537 992 5577 cum
1008 5515 1148 5577 indolem
1168 5515 1368 5578 litteraturae
1389 5515 1635 5600 apocalypticae
1654 5518 1733 5583 bene

133 5616 307 5681 definiisse.
