3878 6316
283 370 342 427 686
828 357 1073 424 PRAEFATIO
1095 398 1133 406 —
1156 357 1296 424 CAPUT
1319 361 1358 424 11.

279 554 441 624 dictiones
455 551 476 620 ¹.
502 550 685 642 Sanctifica
705 551 845 620 Domine
869 549 1027 620 diadema
1052 551 1202 620 Orientis
1226 563 1257 621 et
1281 553 1326 621 da
1346 553 1378 621 ei
1403 554 1548 643 recipere
1581 553 1765 624 scientiam
1792 568 1880 627 tuam

282 709 407 767 veram,
431 685 520 753 sieut
544 687 655 775 Cyrus
676 683 793 775 implet
823 684 1031 753 voluntatem
1057 694 1164 752 tuam.
1183 685 1357 755 Constitue
1387 685 1527 754 Domine
1553 688 1681 777 Cyrum
1706 688 1779 758 loeo
1803 693 1885 783 Cyri

280 820 326 889 ad
344 823 456 890 instar
476 819 561 909 Cyri
569 815 582 851 ²
611 828 643 886 et
674 818 822 888 retribue
847 816 937 886 iram
962 827 994 886 et
1024 817 1154 886 malum
1184 818 1414 888 seductoribus
1445 841 1558 887 eorum
1588 845 1598 888 :
1623 822 1821 913 septuplum
1851 824 1881 890 ia

280 953 360 1023 sinn
383 973 509 1035 eorum,
527 951 717 1042 impropria
735 972 860 1031 eorum,
888 951 948 1042 qui
966 951 1284 1041 improperaverunt
1313 952 1373 1021 tibi
1399 953 1575 1020 Domine³.
1592 953 1687 1023 Educ
1711 955 1882 1025 iustitiam

281 1097 374 1155 tuam
390 1107 454 1177 per
471 1083 642 1154 scintillas
665 1083 758 1174 ipnis
784 1107 801 1152 e
824 1085 967 1153 naribus
994 1105 1109 1151 eornm
1130 1085 1359 1153 consumentis
1379 1090 1536 1177 [actorem
1553 1084 1783 1178 pinpuedinis
1809 1091 1885 1180 ipae

276 1241 468 1311 percussae.
494 1217 671 1286 Evardeat
694 1239 796 1306 super
821 1239 875 1285 eos
913 1216 1016 1285 nubes
1049 1217 1230 1286 demittens
1258 1217 1405 1308 sulpbur
1436 1229 1468 1286 et
1493 1219 1618 1309 ipnem,
1635 1242 1700 1310 pro
1724 1244 1761 1289 eo
1801 1224 1884 1313 quod

280 1352 600 1421 contaminaverunt
619 1359 746 1418 terram
766 1359 798 1418 et
814 1349 1014 1439 polluerunt
1033 1360 1241 1419 creaturam.
1269 1351 1347 1420 Dele
1368 1361 1480 1420 castra
1495 1353 1692 1443 paraprina,
1713 1377 1803 1445 qnae
1828 1379 1884 1424 nos

281 1484 505 1567 circumdant,
526 1493 557 1552 et
576 1493 688 1552 castra
708 1492 767 1551 tua
790 1493 910 1550 sancta
933 1492 1084 1551 monstra
1107 1483 1212 1561 nobis,
1240 1483 1390 1565 Domine,
1413 1485 1589 1576 atpaeifio
1613 1508 1730 1554 eorum
1757 1487 1885 1556 visione

280 1620 374 1687 visus
396 1639 509 1686 eorsum
534 1616 649 1706 foedus
680 1638 701 1684 a
732 1616 809 1684 oua
834 1625 946 1684 nostro
972 1612 1155 1706 operiatur,
1187 1616 1348 1706 quoniam
1376 1627 1488 1685 castra
1516 1617 1718 1706 anpelorum
1748 1630 1881 1689 tuorum

279 1750 494 1819 circumdant
513 1749 666 1818 timentes
691 1758 720 1817 te
742 1759 774 1817 et
796 1749 948 1839 eripiunt
972 1770 1037 1817 eos.
1059 1749 1152 1817 Mitte
1177 1750 1273 1818 nobis
1298 1749 1460 1840 anpelnm
1485 1751 1744 1842 confirmantem
1768 1775 1831 1821 nos
1849 1756 1881 1821 in

277 1883 340 1951 boc
366 1893 478 1951 nostro
505 1883 698 1963 certamine,
719 1883 806 1951 sicut
836 1879 961 1949 misisti
992 1881 1098 1949 Iudae
1125 1882 1353 1951 blacbabaeo⁴
1375 1882 1458 1972 forti
1485 1885 1610 1953 virtuto
1631 1886 1668 1954 in
1688 1886 1824 1975 proelio
1849 1887 1882 1954 in

281 2015 492 2085 adiutorium
514 2015 555 2096 ei,
579 2024 709 2083 vertum
742 2036 824 2104 corto
853 2014 929 2083 albo
958 2023 989 2082 et
1012 2016 1243 2104 praecinctam
1272 2024 1360 2083 ceste
1390 2039 1510 2084 aurea.
1533 2016 1648 2085 Videat
1670 2040 1749 2086 eum
1771 2029 1879 2088 turma

280 2148 498 2239 superborum
519 2158 551 2216 et
575 2148 774 2216 conturbato
802 2147 956 2216 coricidat
981 2146 1073 2215 velut
1092 2168 1217 2237 apmea
1250 2148 1451 2230 Traditoris,
1475 2149 1562 2240 quod
1583 2149 1660 2218 visa
1682 2151 1799 2241 pluria
1826 2162 1881 2219 tua

281 2281 399 2351 cecidit
423 2281 643 2350 retrorsum&
667 2279 838 2371 Responde
864 2280 958 2348 ruobis
981 2290 1126 2371 tempore
1156 2280 1219 2349 isto
1248 2280 1482 2350 tribulationis
1508 2293 1538 2350 et
1563 2283 1727 2374 confirma
1760 2287 1881 2353 virtuto

281 2424 341 2483 tua
358 2414 465 2482 debile
486 2436 594 2504 penus
619 2416 728 2482 llevae
753 2423 785 2482 et
808 2412 1031 2482 concidantur
1054 2414 1091 2481 ia
1110 2415 1252 2482 victoria
1273 2424 1389 2483 nostra
1407 2415 1524 2505 plodio
1556 2426 1612 2484 tuo
1634 2417 1810 2487 invisibili
1832 2419 1882 2486 nti

280 2547 407 2616 concisi
424 2557 504 2615 sant
525 2569 633 2615 osores
656 2547 708 2614 tui
728 2546 926 2615 ascaridentc
956 2547 992 2614 in
1003 2546 1171 2637 proelium
1193 2546 1376 2616 Debbora⁰.
1399 2550 1448 2615 Tu
1473 2548 1608 2639 quidem
1630 2548 1880 2619 maledicebas:

280 2680 434 2750 dicamus
463 2702 523 2747 nos
546 2701 673 2770 puroque
690 2705 700 2748 .·
717 2679 861 2748 maledic
882 2680 941 2761 eis,
964 2679 1121 2748 maledie.
1142 2679 1234 2748 Dicit
1258 2643 1401 2769 abpelus
1432 2681 1600 2750 Domini:
1622 2681 1705 2751 eiice
1729 2705 1785 2751 eos
1807 2706 1879 2751 crem

280 2813 515 2882 maledictione
534 2836 580 2881 ecc
599 2812 804 2881 baereditate
831 2822 890 2880 tna
914 2822 946 2881 et
963 2823 1085 2903 surpat
1107 2822 1187 2880 ante
1204 2835 1257 2881 eos
1279 2812 1378 2882 basta
1399 2824 1430 2881 et
1451 2814 1540 2882 acies
1563 2813 1687 2903 pladii,
1716 2837 1820 2905 quam
1845 2817 1881 2883 in

280 2947 426 3016 adventu
444 2957 499 3014 tuo
520 2956 628 3014 mater
640 2955 700 3014 tua
711 2945 925 3036 pertransire
941 2946 1048 3037 [acite
1063 2967 1165 3014 carne
1184 2946 1304 3014 debilis
1318 2945 1447 3015 Adae⁷.
1461 2949 1585 3016 Domus
1602 2969 1684 3015 seras
1699 2949 1882 3040 perficiant

280 3102 357 3148 cum
383 3080 623 3149 lamentatione
641 3081 947 3169 primopenitorum
966 3100 1116 3161 suornm,
1141 3081 1229 3148 sicut
1251 3078 1366 3148 Acbab
1389 3079 1427 3147 in
1448 3080 1589 3148 Abiram
1611 3091 1642 3148 et
1652 3091 1772 3171 portas
1800 3104 1881 3148 suas

280 3213 415 3303 eripant
429 3235 505 3281 cum
518 3212 690 3281 evulsione
704 3214 854 3280 crinium
873 3234 1012 3280 suorum
1028 3212 1067 3279 ob
1080 3212 1280 3281 novissimos
1297 3234 1386 3294 suos,
1404 3213 1494 3281 sicut
1508 3213 1604 3304 filias
1625 3213 1734 3281 ‘Amri
1743 3225 1883 3305 propter

280 3345 431 3415 Sabub⁸.
460 3344 672 3434 Enopinotur
691 3344 830 3434 plodius
863 3355 941 3414 tuas
969 3345 1059 3414 velut
1082 3345 1204 3436 sulpur
1223 3356 1255 3414 et
1284 3345 1460 3435 confodiat
1487 3345 1743 3436 bppocbondria
1771 3348 1882 3416 cordis

279 3501 394 3548 eorum
416 3489 579 3570 caveatque
595 3479 769 3570 pinpuedo
793 3501 839 3546 ev
858 3478 1030 3547 intestinis
1054 3500 1179 3557 eorum,
1201 3501 1288 3569 quae
1310 3478 1549 3548 intumuerunt
1568 3489 1600 3547 et
1627 3478 1775 3547 dilatata
1800 3490 1882 3547 sunt

280 3611 423 3702 dapibus
443 3612 645 3703 conquisitis!
659 3613 766 3680 llasta
786 3622 845 3680 tua
864 3611 1101 3702 disrumpatur
1120 3621 1238 3679 venter
1257 3633 1371 3680 eorum
1389 3612 1515 3702 plenus
1540 3611 1774 3691 immunditia,
1794 3612 1884 3681 sicut

280 3746 396 3835 attipit
421 3745 519 3813 basta
547 3744 696 3814 Pincbas
721 3745 924 3836 fornicarios
952 3744 1082 3813 similes
1109 3744 1219 3813 illis⁰.
1246 3745 1351 3813 Fiant
1382 3744 1549 3813 cadavera
1575 3744 1707 3835 [ripida
1729 3767 1795 3836 per
1824 3767 1885 3813 su-

279 3879 384 3968 pittas
400 3888 476 3948 tuas
488 3878 527 3961 ¹⁰,
550 3881 638 3948 sicut
652 3878 824 3969 myriades
843 3877 1028 3948 Sancberib
1042 3901 1106 3969 per
1126 3877 1265 3969 anpelos
1281 3878 1375 3946 tuos!
1389 3877 1527 3946 lnebria
1541 3877 1687 3968 sapittas
1703 3887 1780 3946 tuas
1803 3900 1885 3947 san·

342 4147 423 4210 ⁴Ps.
441 4170 504 4224 clx,
524 4154 572 4211 17.

340 4255 352 4292 ²
370 4256 491 4319 Sensus
509 4263 559 4317 est
582 4277 588 4316 :
615 4254 782 4317 Constitue
802 4255 895 4316 nobis
920 4274 1030 4339 regem
1051 4253 1148 4316 talam
1170 4253 1254 4316 sieut
1275 4252 1381 4335 Cyrus
1404 4262 1474 4316 erat
1494 4253 1550 4338 qui
1574 4252 1770 4317 voluntatem
1792 4264 1882 4317 tuam

278 4361 423 4444 implevit
437 4360 573 4423 reddens
585 4360 705 4444 populo
720 4360 821 4423 electo
833 4360 1014 4423 libertatem
1029 4370 1061 4422 et
1072 4359 1184 4443 templi
1198 4359 1294 4422 diruti
1313 4359 1603 4422 reaedificationem
1619 4359 1815 4424 concedens.

342 4468 354 4505 ³
372 4468 426 4529 Ps.
444 4490 551 4541 nxxrx,
572 4472 619 4528 12.

341 4574 352 4611 ⁴
368 4573 395 4634 11
409 4573 515 4635 blaeb.
533 4596 564 4647 x,
579 4579 628 4636 29.

342 4681 354 4717 ⁵
369 4679 436 4741 lob.
451 4701 543 4754 xvrrr,
561 4685 592 4740 6.

344 4785 439 4848 61ι111.
455 4809 498 4848 rv.

339 4893 350 4929 ⁷
368 4893 444 4954 Luc.
467 4914 502 4967 u,
522 4899 571 4957 35.
589 4891 771 4974 Applicatio
793 4891 880 4954 citati
908 4891 1002 4953 huius
1026 4890 1088 4953 loci
1113 4911 1296 4974 supponere
1317 4890 1444 4953 videtur
1460 4890 1631 4954 lectionem
1651 4889 1811 4952 versionis
1826 4910 1882 4972 sy·

279 5000 382 5060 riacae
405 5008 550 5082 repertae
568 4999 601 5060 in
621 4998 816 5061 monasterio
833 4998 866 5061 S.
889 4998 1081 5060 Catlrarinae
1099 5021 1105 5060 :
1122 5023 1225 5068 oss-ear
1244 5024 1256 5053 «
1283 4999 1480 5081 pertransire
1501 4997 1599 5060 iacies
1619 5023 1646 5071 s,
1664 4995 1751 5080 quod
1769 5006 1883 5059 auctor

279 5126 316 5166 eo
332 5126 428 5166 sensu
444 5115 479 5167 ut
496 5133 509 5162 ι(
524 5105 659 5168 educere
677 5105 774 5167 iacies
794 5133 806 5161 »
824 5104 992 5166 intellexit.

340 5212 352 5247 ⁸
369 5210 409 5271 111
429 5211 511 5296 Reg.
531 5234 595 5286 xvr,
617 5216 666 5274 34.
688 5211 829 5273 Dubium
851 5221 958 5273 manet
975 5210 1058 5273 unde
1077 5212 1252 5294 sumpserit
1268 5221 1380 5275 auctor
1398 5212 1608 5275 assertionem
1629 5217 1755 5292 patrem
1772 5209 1882 5272 Sakub

278 5314 378 5378 ‘Arari
394 5317 494 5380 filiurn
515 5320 624 5393 luisse,
642 5319 852 5401 probabiliter
871 5317 982 5380 Achab
1001 5318 1128 5380 eunden
1149 5339 1220 5381 esse
1243 5340 1314 5383 eum
1335 5340 1412 5404 rege
1435 5319 1535 5403 impio
1557 5315 1669 5380 Achab
1688 5313 1790 5378 ‘Amri
1814 5314 1882 5378 filio

279 5424 403 5506 putavit
417 5435 451 5486 ut
467 5424 547 5509 legit
559 5426 691 5502 Pasitta.

340 5531 352 5568 ⁹
367 5529 462 5593 Num.
477 5553 550 5606 xxv,
567 5537 586 5593 8
601 5552 650 5614 sq.

341 5638 368 5674 ⁴⁰
383 5636 437 5701 Sic
451 5637 532 5724 legit
550 5638 651 5702 codex
666 5638 746 5702 alter
761 5637 846 5721 apud
866 5638 1002 5722 Bedjan‚
1017 5661 1072 5722 op.
1089 5642 1156 5716 cit,
1174 5660 1206 5722 p.
1223 5645 1273 5715 93,
1291 5660 1322 5701 n.
1343 5645 1369 5702 1.
