3884 6316
678 425 810 490 INDEX
831 421 1114 492 hthYTlCUS.

452 588 474 636 E

103 748 195 793 illu
206 759 220 793 a
232 760 306 794 corvo
318 749 426 795 nutritus
440 753 500 798 Π...

102 821 239 864 Eumenia
250 820 384 866 sanctuarii
399 824 552 867 asalomone
564 821 687 866 celebrata
702 824 726 864 til
735 841 751 866 ..

103 891 198 944 ephod
212 895 237 935 et
251 892 300 936 alia
316 903 373 937 vasa
384 898 472 938 sancta
483 893 514 937 ah
526 892 619 946 lngelo
631 892 820 937 absconduntur
828 895 865 940 3..

105 961 178 1006 Eva
190 963 277 1018 prima,
289 974 353 1018 quae
365 964 474 1018 serpenti
487 962 597 1009 obedivit
609 967 668 1010 13...

106 1031 294 1088 Euphrates
307 1034 397 1079 huvius
408 1040 433 1078 ‘tt
442 1055 469 1081 n.

106 1103 262 1150 Bseelalas
273 1116 316 1150 rev
329 1106 384 1162 pius
398 1110 448 1154 33..

456 1268 476 1317 l,

106 1417 193 1466 rides,
205 1417 274 1461 iuxta
288 1428 361 1471 guam
375 1417 461 1462 lideles
471 1417 674 1472 glorihcanunmr
684 1424 744 1466 31...

454 1588 478 1638 G

108 1746 252 1791 &hennae
269 1757 305 1796 os.
323 1747 398 1803 lloysi
420 1748 553 1792 revelatum
572 1751 633 1797 33...
650 1773 676 1780 -
692 1749 734 1793 v'la
756 1748 821 1804 ignis
842 1753 868 1794 et

63 1816 154 1862 semita
166 1816 262 1862 ducens
274 1818 305 1861 ad
317 1819 458 1863 celrennam
468 1821 484 1861 li
495 1822 542 1867 3...
836 1856 840 1864 .

107 1889 178 1931 oens
196 1889 360 1932 ludaeorum
375 1889 537 1943 castigabitur
550 1893 587 1937 1..
597 1913 623 1922 -
640 1891 789 1936 ludaeorum
806 1891 867 1935 cela-

64 1958 139 2003 mitas
149 1969 224 2004 cansa
234 1958 401 2014 castigationis
411 1959 521 2015 gentium
533 1962 583 2009 13..
592 1985 619 1993 -
629 1963 719 2007 Gentes
733 1961 868 2007 subiicien-

63 2033 107 2073 tnr
125 2030 222 2074 ludaeis
239 2035 288 2077 isa.
304 2053 332 2064 -
349 2030 496 2076 ludaeorum
511 2031 621 2086 praemia
638 2037 663 2077 et
677 2043 772 2087 poenm
784 2032 866 2087 prouti

40 2128 42 2132 -
63 2106 213 2154 separarunt
231 2112 259 2147 se
277 2112 291 2145 a
311 2102 408 2147 semiue
424 2102 554 2157 gentilium
571 2095 641 2152 ssa-s.
653 2128 680 2135 -
692 2103 776 2149 ludaei
792 2113 867 2159 popu·

65 2171 156 2216 lnshm
172 2172 286 2225 dilectus,
298 2178 399 2228 propter
413 2183 505 2218 nomen
522 2172 636 2218 divinum
652 2178 827 2225 vocatusslpt
842 2199 869 2206 -

66 2242 175 2296 populns
188 2243 300 2296 illustris,
314 2244 356 2288 cui
368 2255 418 2289 non
433 2245 508 2289 datur
519 2245 610 2289 similis
621 2247 682 2293 13...

108 2313 210 2357 umes·
230 2315 338 2369 periente
359 2315 547 2370 castigabuntur
572 2319 626 2368 tur,
648 2316 754 2371 -qnia
775 2315 869 2361 iniuste

67 2388 172 2428 utuntur
190 2389 302 2430 uentura
323 2388 388 2439 13ης
402 2410 428 2417 -
445 2389 495 2431 heo
516 2398 616 2442 semper
631 2387 743 2441 ingratae
761 2389 869 2441 13ης-

67 2454 158 2499 iterum
177 2455 279 2500 venient
296 2456 419 2512 captivam
437 2457 557 2502 ducturae
577 2459 647 2507 Sion,
667 2458 712 2503 sed
731 2458 779 2504 erlt
797 2459 870 2503 ruina

66 2534 156 2569 earum
169 2529 218 2574 113..
230 2550 257 2558 -
272 2530 381 2579 Quatuor
398 2538 474 2583 regna
493 2527 605 2582 gentium
620 2529 790 2584 apocalyptica
803 2531 868 2578 33...

66 2619 95 2628 -
107 2596 221 2641 Gentium
234 2599 384 2655 prosperitas
396 2599 489 2644 caduca
500 2603 516 2643 ε
527 2602 582 2647 iis-s
597 2624 622 2630 -
633 2605 722 2645 tientes
734 2601 870 2646 subiicien-

65 2669 109 2710 tur
128 2668 226 2714 ludaeis
246 2674 296 2716 iss.
313 2693 340 2701 -
357 2671 471 2724 Populus,
492 2669 535 2725 qul
557 2682 607 2715 non
626 2670 695 2716 novit
716 2673 801 2726 lsrael,
820 2683 869 2717 nec

64 2738 226 2784 conculcavit
237 2751 323 2785 seuseu
334 2742 415 2793 lacoh,
426 2740 491 2784 rivet
505 2745 573 2787 isa-1.

112 2808 250 2856 andella
261 2811 345 2856 soclus
356 2813 449 2856 buoch
462 2813 492 2858 3.
503 2815 549 2859 1...

460 2992 483 3040 ll

104 3150 196 3194 uades
215 3149 306 3206 accipit
329 3157 442 3197 mortuos
457 3155 507 3201 tls.
519 3175 547 3186 -
561 3152 661 3197 animae
680 3153 707 3197 in
726 3158 867 3208 promptua-

61 3220 103 3264 rio
126 3219 238 3266 inclusae
257 3224 317 3270 2122.
336 3246 363 3253 —
382 3226 488 3268 humero
507 3224 647 3269 animarum
669 3224 866 3280 correspondent

59 3291 123 3344 loci,
135 3290 179 3336 uhi
193 3293 283 3337 mortui
296 3293 472 3338 custodiuntur
481 3298 531 3342 93..
546 3320 571 3327 -
589 3299 644 3339 Post
657 3294 790 3340 adventurn
808 3299 865 3341 sses-

60 3361 117 3407 slas
134 3364 311 3418 promptuaria,
323 3364 349 3409 iu
366 3364 459 3419 quihus
474 3365 572 3412 animae
586 3366 706 3410 iustorum
722 3367 867 3411 custodiun-

63 3438 115 3486 tur,
126 3434 272 3490 aperlentur
285 3441 311 3480 et
323 3437 412 3481 mortui
425 3443 556 3492 resurgent
566 3441 594 3481 30
602 3457 636 3484 .·..
646 3461 672 3469 -
685 3440 761 3482 homo
772 3436 865 3482 invitus

62 3507 90 3549 in
106 3505 196 3550 liudem
214 3507 343 3552 deseendit
358 3511 419 3556 13...
430 3533 455 3539 -
471 3512 518 3552 cnr
532 3509 620 3554 ilemus
636 3519 689 3561 cos.
701 3511 744 3565 qul
763 3513 865 3555 descen·

62 3573 129 3616 dunt
147 3572 173 3617 in
187 3575 292 3618 liademl
311 3577 361 3620 33..
376 3598 401 3607 -
416 3575 466 3619 vid.
482 3581 608 3620 tirunvvss
623 3587 650 3620 os
664 3582 690 3621 et
705 3580 864 3622 onurrmmr

63 3654 195 3688 asculana.

104 3715 296 3762 Hebdomades
307 3721 402 3772 septem
415 3717 627 3763 hebdomadarum
639 3721 690 3764 33..

106 3786 241 3832 Heba-oar
255 3792 304 3835 11..

104 3859 193 3901 nomo
217 3858 302 3903 halitui
324 3859 534 3913 εἰω111111..;-
552 3859 740 3904 administrator
757 3871 862 3915 operum

63 3928 105 3972 hei
119 3931 178 3976 11...
191 3954 216 3960 -
226 3932 314 3974 h'atura
328 3930 436 3975 hominis
448 3930 628 3975 mutationibus
643 3931 751 3976 obnoxia
762 3935 787 3975 sl
796 3953 821 3980 ...

457 4111 468 4159 l

103 4254 200 4311 labli,
213 4259 295 4304 socius
308 4262 402 4306 baruch
416 4263 454 4308 15..

104 4329 202 4375 Ῐῑσθδ
212 4335 274 4379 ἰὴ..

101 4401 187 4453 idola,
201 4412 281 4447 eoram
292 4402 384 4457 quihus
395 4404 481 4457 gentes
492 4403 629 4458 gloriantur
638 4409 676 4452 3..

104 4472 274 4518 leclvoulas
285 4484 330 4519 rer
340 4475 399 4519 tuda
411 4478 421 4518 l
431 4497 447 4521 ..

103 4540 240 4589 talantum
261 4547 354 4590 baruch
376 4545 400 4588 in
423 4547 530 4590 torrente
551 4546 645 4590 cedron
666 4550 701 4593 3..
722 4571 747 4578 -
769 4547 861 4591 baruch

61 4615 160 4660 ieiunat
171 4623 265 4670 septem
277 4616 368 4662 diebus
379 4622 408 4663 3.
420 4621 461 4664 la.
472 4620 496 4659 sl
507 4640 524 4664 ..

104 4686 262 4731 lerenius
277 4692 302 4732 et
324 4686 381 4732 iusti
402 4689 489 4732 urbem
510 4688 627 4733 deserere
647 4687 767 4733 iubentur
779 4693 823 4741 tit
836 4713 862 4720 —

61 4768 121 4801 cum
145 4759 238 4802 bameh
261 4757 286 4802 in
307 4758 395 4802 vallem
417 4759 511 4803 cedron
537 4758 617 4812 pergit
637 4763 678 4811 brt
699 4783 725 4790 -
745 4759 800 4804 elus
820 4770 864 4804 cor

62 4839 180 4883 puruma
197 4832 300 4882 peceato
310 4831 350 4882 3.;
364 4853 390 4860 -
410 4831 557 4884 Babylonem
576 4829 685 4884 migrare
702 4834 727 4874 et
738 4830 863 4885 captivita-

61 4905 113 4942 tem
131 4899 214 4952 populi
233 4899 378 4944 contirmare
398 4901 499 4944 iubetur
515 4904 610 4953 ¹013-
630 4900 753 4955 praecipit
766 4902 861 4947 Baruch

61 4980 148 5013 ruram
162 4970 252 5015 trabere
266 4971 352 5025 populi
361 4974 412 5017 33..

105 5039 275 5085 lea-obeam
286 5041 345 5085 iecit
356 5043 420 5086 duos
432 5042 521 5087 vituios
532 5046 582 5091 621.

104 5111 285 5156 Ierusalem
303 5118 461 5167 nuncupatur
479 5132 488 5152 ι
512 5118 588 5159 mater
610 5133 618 5151 ·
637 5119 685 5162 3..
705 5118 768 5163 top:
787 5140 812 5146 -
831 5117 862 5160 ari

62 5188 161 5236 tempus
176 5182 287 5227 tradetur
302 5187 329 5231 1.
345 5187 389 5235 hcc
405 5207 431 5217 -
445 5195 495 5228 non
511 5186 543 5229 ab
563 5186 679 5230 hostibus
698 5188 863 5239 subvertetur,

62 5253 108 5297 sed
123 5252 217 5298 iudicio
232 5253 273 5298 bei
285 5257 325 5304 bac
339 5255 469 5300 -·lverum
482 5257 668 5302 restitueturin
681 5259 809 5302 aeternum
820 5261 863 5311 3.;

62 5347 90 5354 --
104 5323 216 5369 desolata
234 5335 301 5370 nunc
319 5325 409 5370 iterum
429 5327 640 5377 reaedincabhur.
660 5329 704 5373 sed
721 5328 863 5374 aedilicium

63 5394 121 5439 eius
142 5407 192 5439 non
215 5396 302 5449 stabit3
321 5397 414 5442 etenim
438 5398 523 5443 deuito
544 5399 688 5444 destruetur
708 5404 733 5444 et
755 5401 867 5445 uranebit

64 5465 177 5511 desolata
191 5469 314 5521 usquead
328 5473 438 5524 tempus;
451 5470 553 5515 demum
572 5471 596 5514 in
615 5471 692 5524 gloria
706 5471 867 5517 renovabitur

63 5541 91 5581 et
109 5538 267 5591 permanebit
284 5539 309 5583 ln
328 5547 456 5584 aeternum
469 5544 538 5588 lis-t.

106 5607 234 5654 leuabo}
244 5609 365 5657 idolomm
380 5613 469 5656 cultrix
479 5615 530 5660 62³.

107 5681 199 5725 luvra
214 5680 278 5726 liius
292 5684 345 5727 hun
357 5686 408 5731 53..

175 5770 242 5805 l‘ffll.
255 5772 307 5807 stit.
319 5786 346 5795 ·-
359 5774 380 5807 Ρ.
394 5773 409 5807 1.
422 5775 443 5807 Τ.
458 5774 484 5805 u.

1653 449 1731 510 1304

971 587 1061 641 impu,
1084 587 1110 634 ln
1132 602 1196 646 quos
1216 605 1284 639 mors
1305 596 1405 643 decreta
1423 602 1461 643 est
1481 603 1529 649 13..
1548 627 1575 634 -
1595 604 1728 659 implorum

930 656 1029 704 animae
1044 665 1100 714 post
1115 666 1323 711 resurrectionem
1339 669 1468 716 tabescent
1483 673 1539 727 loir
1550 697 1576 706 —-
1587 675 1617 718 ad
1637 678 1730 733 suppli-

930 727 999 773 clum
1012 730 1085 786 ibunt
1095 733 1150 787 ³⁰⁵3
1159 758 1187 766 -
1197 746 1283 781 eorum
1297 739 1438 785 haereditas
1452 742 1477 786 in
1493 743 1550 797 lguc
1563 746 1611 790 erit
1622 751 1686 801 11ης
1703 773 1729 780 -

931 799 1064 855 impiorum
1084 803 1246 857 cogitationes
1264 808 1394 855 devorabit
1414 811 1479 865 ignia
1499 819 1525 858 et
1542 825 1614 861 curas
1638 829 1728 865 renum

930 881 1015 916 eorum
1032 874 1133 920 hamma
1144 878 1297 924 examinabit
1309 883 1368 929 itm
1381 905 1408 913 —
1424 884 1557 939 impiorum
1570 897 1666 942 poenae
1677 894 1729 937 31.-

930 963 976 990 rid·

969 1014 1098 1059 internus
1106 1028 1129 1059 v.
1142 1019 1230 1064 hedes.

971 1084 1076 1130 lesdas
1087 1097 1131 1133 rex
1144 1090 1203 1134 luda
1214 1095 1268 1144 33.;
1280 1115 1306 1125 -
1316 1097 1405 1138 terram
1420 1095 1535 1151 purilicat
1549 1097 1581 1143 ab
1592 1098 1667 1143 idolis
1675 1102 1728 1155 8623

931 1179 954 1186 -
973 1155 1036 1201 testa
1050 1162 1075 1201 et
1093 1158 1196 1205 sabbeta
1214 1163 1354 1217 constituit;
1369 1166 1503 1221 propbetas
1524 1169 1656 1215 mendaces
1672 1172 1728 1223 igne

932 1231 1027 1271 creuit!
1034 1231 1084 1275 661.

970 1297 1066 1344 Ilm
1079 1303 1102 1344 21
1111 1321 1138 1348 aa·

972 1368 1084 1415 ludaei
1095 1382 1116 1415 v.
1129 1376 1193 1418 Gens
1205 1376 1360 1422 ludaeorum.

971 1441 1107 1486 iudicium
1121 1445 1214 1489 excelsi
1236 1456 1285 1491 non
1305 1448 1408 1503 respicit
1425 1461 1545 1506 personas
1562 1454 1611 1499 13..
1627 1479 1654 1486 --
1666 1454 1728 1499 iudi·

932 1510 997 1556 cium
1020 1513 1062 1558 bei
1083 1525 1128 1569 per
1148 1516 1230 1571 legem
1253 1521 1410 1574 cognoscitur
1430 1527 1479 1570 13..
1501 1547 1528 1554 -
1548 1525 1728 1571 consummatio

932 1581 1019 1628 iudicii
1034 1589 1096 1632 bl..
1111 1610 1137 1619 -
1148 1591 1213 1633 heus
1223 1591 1340 1636 ostendet
1354 1592 1468 1638 virtutem
1483 1605 1554 1639 suam
1571 1596 1729 1643 venientibus

931 1655 962 1700 ad
977 1654 1096 1702 iudicium
1108 1661 1123 1701 ti
1133 1662 1169 1706 3..
1181 1683 1208 1691 -
1217 1660 1338 1707 indicium
1353 1663 1471 1708 altissimi
1484 1664 1591 1721 requirit
1603 1666 1643 1712 lus
1654 1678 1728 1713 sunm

933 1729 993 1774 113..
1005 1752 1031 1759 -
1044 1731 1099 1773 lost
1113 1729 1232 1775 indicium
1247 1734 1331 1778 nullus
1344 1735 1413 1779 iocus
1425 1736 1593 1790 paenitentiae
1603 1741 1619 1782 ti
1629 1742 1703 1787 tirus.

971 1798 1041 1842 lusti
1056 1799 1185 1845 dormiunt
1202 1802 1307 1848 interra
1328 1803 1353 1848 ln
1374 1807 1554 1860 tnnguilllmte
1572 1812 1624 1861 llic
1636 1834 1662 1840 —
1676 1821 1730 1865 spe·

932 1871 987 1913 rant
1004 1869 1156 1918 lnemzsine
1175 1872 1263 1918 timore
1280 1875 1474 1930 proticiscuntnr
1492 1888 1523 1922 ex
1540 1880 1585 1924 hac
1602 1880 1659 1934 vita.
1671 1891 1728 1926 nam

932 1940 1048 1986 virtutem
1064 1953 1167 1998 operum
1186 1946 1279 1989 habent
1297 1944 1322 1990 ln
1340 1949 1509 2003 promptuario
1523 1950 1624 1996 caelesti
1641 1954 1731 2000 ltu-n.

933 2035 959 2042 -
971 2012 1073 2056 Mundus
1090 2019 1192 2069 propter
1208 2015 1286 2061 iustos
1300 2017 1369 2061 venit
1380 2022 1429 2066 13..
1442 2043 1467 2051 -
1480 2024 1602 2066 iustorum
1618 2022 1732 2066 haeredi-

933 2087 970 2126 tas
991 2084 1111 2139 temporis
1130 2085 1246 2141 promissi
1265 2090 1322 2136 11...
1340 2112 1367 2120 -
1387 2091 1460 2134 luetis
1483 2091 1584 2136 dabitur
1605 2094 1730 2137 macutum

934 2157 1064 2199 venturum
1082 2159 1142 2204 11...
1154 2180 1180 2188 -
1194 2161 1314 2202 iustorum
1333 2170 1429 2205 merces
1446 2160 1583 2207 novissima
1597 2166 1695 2212 ills-ep.
1705 2186 1732 2198 -

934 2224 1007 2268 iustis
1017 2226 1163 2272 ostendetur
1178 2228 1335 2284 pulchritudo
1348 2231 1565 2288 virentiumqnae
1580 2234 1627 2279 sub
1642 2235 1731 2279 throno

933 2301 993 2341 sunt
1003 2298 1029 2339 bl
1038 2318 1064 2343 ...

1323 2452 1345 2502 L

973 2600 1145 2645 ummtatio
1156 2603 1248 2647 itaruch
1259 2607 1338 2652 13...

973 2670 1157 2716 Levlatlvaar
1167 2673 1199 2718 de
1212 2674 1273 2719 mari
1282 2685 1432 2721 ascensurus
1441 2681 1491 2725 290.

973 2742 1036 2793 Lex,
1051 2753 1097 2797 per
1117 2753 1191 2798 qnam
1210 2745 1368 2799 cognoscitur
1385 2746 1504 2792 iudicium
1520 2748 1561 2793 bei
1581 2753 1635 2798 13..
1645 2774 1671 2782 -
1683 2754 1731 2795 ter

934 2811 976 2857 hei
988 2816 1027 2857 est
1045 2814 1155 2860 vitaida.
1165 2839 1191 2846 -
1207 2817 1268 2861 lusti
1283 2821 1349 2869 sunt,
1367 2819 1410 2873 qul
1429 2818 1557 2865 veritatem
1570 2820 1633 2875 legis
1651 2827 1731 2867 custo

933 2888 1121 2937 1111111111...-
1143 2895 1190 2935 hex
1211 2892 1316 2947 requirit
1337 2894 1376 2938 ius
1395 2905 1468 2940 suum
1487 2898 1548 2943 43...
1568 2921 1594 2929 -
1612 2900 1660 2943 hex
1678 2909 1729 2943 non

933 2959 1024 3014 scripta
1041 2964 1089 3007 31..
1107 2985 1133 2992 -
1152 2965 1200 3007 hex
1219 2969 1304 3018 pastor
1322 2968 1347 3009 et
1368 2966 1471 3011 lucerna
1491 2970 1549 3015 π...
1570 2991 1596 2999 -
1616 2972 1666 3014 lina
1685 2980 1730 3024 per

934 3041 1010 3075 nuum
1024 3033 1063 3075 lex
1076 3035 1150 3080 ltu.

971 3101 1115 3148 Libanus
1127 3107 1176 3151 33..

970 3174 1099 3217 Liberum
1112 3175 1232 3220 hominis
1241 3178 1389 3221 arbitrium
1401 3181 1457 3232 post
1471 3177 1568 3234 lapsum
1581 3180 1645 3225 ldae
1657 3181 1731 3237 primi

931 3245 1020 3291 5lmva

970 3316 1088 3360 Libitinae
1106 3317 1137 3361 de
1155 3318 1257 3362 deserto
1275 3318 1413 3365 invitantur
1430 3319 1462 3365 ad
1478 3321 1642 3376 plangendam
1659 3323 1730 3369 tirhis

930 3396 1016 3431 sacrae
1036 3387 1134 3432 ruinam
1146 3391 1194 3435 1ο..

1317 3542 1343 3592 Μ

969 3689 1143 3736 Manassen
1154 3690 1221 3735 fliius
1233 3692 1349 3738 ezechiae
1360 3696 1414 3746 31.;
1427 3717 1453 3724 -
1465 3693 1520 3738 eius
1531 3694 1645 3749 impietas
1656 3699 1729 3751 31ης

928 3785 955 3793 -
974 3760 1134 3806 simulacrum
1156 3763 1269 3817 quincue
1291 3763 1409 3808 facierum
1432 3765 1464 3809 ab
1485 3764 1540 3819 ipso
1560 3768 1727 3812 constructum

928 3834 979 3881 31..
991 3856 1018 3864 -
1032 3832 1089 3877 iiius
1107 3833 1225 3878 habitatio
1246 3834 1271 3879 ln
1291 3834 1348 3889 igne
1368 3834 1431 3880 lacta
1450 3840 1490 3880 est
1504 3839 1559 3890 illm
1571 3861 1599 3870 -
1614 3839 1729 3884 obsecrat

928 3903 1085 3958 altissimum,
1100 3914 1156 3950 cum
1173 3904 1267 3950 decidii
1279 3905 1305 3950 in
1321 3915 1413 3960 equum
1428 3916 1535 3951 aeneum
1554 3907 1657 3962 ignitum
1673 3914 1725 3957 31..

968 3973 1083 4020 Maria
1093 3975 1181 4031 lioysls
1194 3984 1265 4021 soror
1273 3981 1322 4024 33..

968 4047 1068 4089 tanna
1092 4045 1180 4091 lterum
1202 4047 1346 4098 descendet,
1359 4046 1460 4103 quando
1482 4049 1583 4094 llessias
1605 4052 1728 4096 revelabi·

928 4120 1028 4165 turtur.

967 4187 1109 4233 Messias
1120 4193 1232 4244 tempore
1242 4187 1379 4233 novissimo
1391 4189 1541 4235 revelabitur
1550 4194 1599 4239 tus.
1608 4215 1635 4224 -
1643 4193 1729 4238 Mesala

927 4263 1061 4314 apparente
1070 4260 1135 4304 terra
1145 4259 1215 4304 dahit
1227 4259 1323 4304 iructus
1335 4260 1449 4316 copiosos
1460 4265 1529 4309 33...
1539 4285 1565 4294 -
1575 4265 1629 4308 vost
1638 4264 1727 4308 adven·

927 4333 980 4374 tum
994 4330 1095 4375 llessiae
1108 4330 1200 4375 mortui
1217 4335 1348 4384 resurgunt
1363 4333 1412 4379 33..
1425 4355 1453 4364 -
1466 4335 1524 4378 lost
1535 4344 1638 4387 mgnum
1655 4345 1726 4390 quar-

927 4403 978 4445 tum
993 4399 1096 4455 impium
1113 4400 1266 4446 revelabitur
1277 4401 1432 4458 principatus
1447 4403 1545 4455 curisti,
1558 4405 1602 4460 qui
1617 4406 1724 4450 eradica-

927 4471 964 4516 bit
973 4471 1156 4517 multitudinem
1163 4472 1363 4527 congregationis
1368 4473 1440 4527 regni
1450 4474 1530 4518 nihmi
1540 4478 1582 4523 31.
1591 4477 1723 4528 ;-ducem

927 4543 1042 4587 ultimum
1053 4542 1122 4598 regni
1134 4542 1205 4598 impii
1220 4543 1351 4588 novissimi
1367 4543 1490 4597 devincet,
1503 4546 1548 4601 qui
1564 4547 1593 4590 ad
1612 4553 1722 4592 montem

927 4616 984 4659 sion
998 4613 1120 4659 adductus
1131 4612 1242 4659 omnium
1255 4614 1411 4668 impietatum
1423 4621 1543 4671 arguetur
1553 4621 1579 4662 et
1592 4618 1725 4664 interiieie·

927 4690 966 4730 tur
976 4688 1044 4733 tili-a·
1054 4709 1080 4716 -
1092 4685 1191 4730 lessius
1208 4689 1318 4741 proteget
1332 4687 1452 4741 populum
1465 4697 1539 4732 suum
1551 4691 1606 4741 tun
1621 4713 1647 4720 -
1659 4689 1725 4745 prin·

926 4757 1024 4811 cipetus
1045 4756 1100 4802 eius
1119 4755 1145 4800 in
1165 4761 1293 4801 aeternum
1313 4756 1389 4802 stabit
1407 4760 1492 4805 ihs-
1509 4757 1553 4810 oui
1571 4759 1678 4805 evadent
1693 4771 1725 4805 ex

925 4827 1047 4883 angustiis
1057 4827 1176 4883 temporis
1188 4827 1327 4875 novissimi,
1340 4827 1469 4873 tradentur
1480 4827 1506 4872 ln
1520 4840 1610 4873 manus
1623 4830 1725 4876 llesslae

927 4903 977 4947 th..
996 4923 1022 4930 -
1046 4903 1100 4943 Post
1124 4899 1240 4945 miserias
1266 4898 1444 4955 angustiaeque
1467 4900 1616 4945 novissimas
1643 4903 1727 4949 veniet

927 4970 1028 5015 llessias
1036 4971 1060 5014 el
1068 4970 1186 5024 quasdam
1194 4969 1421 5024 gentesinterllciet
1428 4970 1636 5016 isra-llessias
1644 4972 1727 5016 omnia

929 5041 1071 5087 humiliabit
1080 5043 1130 5089 13..
1140 5065 1166 5073 -
1176 5046 1320 5096 temporum
1336 5040 1438 5086 Messias
1449 5040 1556 5085 leticitae
1564 5045 1632 5090 13...

967 5115 1041 5156 lton
1060 5112 1160 5168 plavsica
1181 5113 1214 5156 ab
1231 5110 1307 5155 Adam
1326 5114 1425 5156 causata
1443 5114 1493 5158 33..
1511 5135 1537 5143 -
1553 5112 1627 5158 ldam
1641 5118 1728 5159 auctor

929 5184 1015 5229 mortis
1028 5186 1198 5238 praematurae
1209 5186 1346 5229 33.111..-
1356 5181 1442 5226 mortis
1454 5181 1593 5236 spiritualis
1601 5186 1662 5232 13...

967 5255 1101 5311 Moyses
1114 5253 1140 5298 in
1158 5258 1242 5297 monte
1260 5252 1325 5297 linai
1343 5251 1410 5296 videt
1424 5252 1555 5306 imaginem
1573 5255 1729 5302 tabernaculi

929 5332 969 5377 1.;
997 5351 1017 5358 -
1036 5325 1162 5379 legislator
1183 5327 1232 5371 11..
1249 5347 1277 5355 -
1293 5322 1465 5368 iterelationes
1487 5334 1571 5369 rernm
1591 5326 1727 5372 futurarum

929 5397 1003 5451 llovsi
1020 5397 1091 5441 datae
1106 5399 1212 5443 burc·
1229 5398 1317 5439 contra
1337 5395 1440 5440 iudaeos
1459 5396 1555 5440 caelum
1575 5402 1729 5444 contestatus

929 5474 968 5513 eet
980 5473 995 5513 li
1005 5473 1041 5514 ¹1r.

970 5541 1090 5584 Hundns
1100 5539 1176 5584 verbo
1187 5538 1228 5582 nci
1240 5536 1319 5581 iactus
1329 5539 1379 5584 11..
1388 5538 1443 5587 33.;
1456 5557 1483 5570 -
1494 5543 1595 5593 propter
1605 5541 1729 5587 hominem

931 5613 1010 5658 iactus
1021 5615 1083 5664 11..;
1094 5634 1121 5642 -
1131 5613 1231 5666 propter
1240 5609 1319 5652 iustos
1330 5606 1399 5653 venlt
1409 5611 1449 5655 13.
1457 5621 1463 5663 ;
1472 5631 1500 5640 -
1509 5608 1535 5653 in
1544 5611 1730 5666 corruptionem

931 5684 1031 5729 tolletur
1044 5685 1096 5730 31..
1105 5706 1131 5715 -
1141 5685 1166 5726 v.
1176 5680 1315 5728 saeculum.

1613 5765 1640 5806 lt
