3884 6316
254 372 311 428 515
793 357 1036 424 PRAEFATIO
1059 396 1098 405 -
1120 356 1262 423 CAPUT
1284 360 1308 421 1.

253 558 283 616 et
302 549 515 638 impeperunt
538 547 576 615 in
600 544 755 614 inuicem.
788 543 954 612 Tenebrae
976 543 1080 611 etiam
1104 543 1200 611 uisae
1227 552 1308 611 sunt
1333 552 1371 611 ut
1395 541 1614 611 ascenderent
1636 553 1668 612 et
1691 543 1852 614 commis-

252 690 408 749 cerentur
434 701 510 748 cum
537 678 625 761 iltis,
659 688 730 746 turn
757 685 935 767 coeperunt
957 676 1051 745 entia
1074 697 1167 768 pura
1193 685 1349 744 aestuare
1372 686 1404 745 et
1421 679 1540 767 supere
1564 698 1676 745 coram
1707 677 1852 746 tenebris

252 825 284 882 et
311 813 553 882 inuocauerunt
578 810 828 881 misericordias
854 808 1024 879 ditissimi
1042 818 1080 877 ut
1100 808 1258 878 liberaret
1281 832 1321 878 ea
1340 831 1362 877 a
1381 809 1488 878 colore
1508 809 1653 900 nefando
1677 832 1763 902 qrioe
1781 833 1853 880 sese

255 947 390 1016 miscuit
409 945 498 1028 iliis,
521 944 693 1015 sciliceta
714 944 872 1013 tenebris.

330 1082 422 1148 Tunc
445 1078 493 1148 ad
515 1100 624 1148 uocem
651 1076 817 1146 tumuitus
841 1075 944 1145 buius
967 1074 1136 1146 deseendit
1164 1076 1304 1145 Verbum
1328 1077 1543 1167 cogitationis
1565 1076 1739 1147 Abtissimi
1763 1077 1853 1170 quod

252 1223 304 1280 cst
327 1213 493 1294 Christus,
517 1222 548 1281 ct
562 1211 749 1303 praescidit
774 1211 925 1279 tenebras
950 1209 1031 1279 ilias
1049 1231 1068 1279 c
1087 1208 1194 1278 medio
1218 1208 1347 1278 entium
1368 1209 1587 1291 mundorum,
1612 1219 1643 1279 et
1664 1207 1848 1304 (tenebrae)

252 1346 417 1437 empuisae
440 1355 520 1413 sunt
543 1358 576 1413 et
599 1343 789 1413 ceciderunt
813 1344 850 1411 in
870 1343 1081 1435 profundum
1106 1353 1252 1411 naturae
1275 1342 1431 1412 iliarum.
1457 1345 1501 1412 Et
1525 1365 1570 1412 ece
1593 1344 1657 1413 iiia
1681 1346 1853 1414 commim-

254 1479 343 1547 tione
360 1479 490 1548 entium
510 1487 542 1546 et
557 1477 770 1546 tenebrarum
789 1476 963 1551 constituit
978 1476 1141 1546 mundum
1159 1476 1272 1557 illum,
1295 1485 1327 1545 et
1345 1478 1467 1546 statuit
1486 1487 1523 1545 at
1543 1499 1609 1545 non
1629 1487 1712 1546 esset
1727 1477 1851 1545 iterum

252 1611 326 1680 adia
349 1610 546 1680 commiatio
565 1609 704 1680 iliorum
728 1609 786 1679 sed
804 1609 955 1702 quodque
975 1609 1134 1679 miscetur
1154 1609 1221 1678 tale
1244 1608 1345 1702 quate
1363 1619 1426 1691 est,
1446 1611 1670 1702 purificatum
1691 1620 1723 1678 et
1747 1632 1852 1678 niun-

252 1744 369 1813 datum
390 1744 427 1812 in
446 1766 514 1812 ‘cino
529 1753 634 1835 partu
653 1753 685 1812 et
702 1742 740 1810 in
760 1764 831 1811 una
848 1744 1065 1833 quaeratione
1083 1741 1251 1833 usquead
1267 1743 1382 1834 finem.

326 1876 378 1946 Ad
397 1875 478 1945 tinec
497 1876 734 1967 respondemus
753 1876 890 1944 multa:

331 2071 363 2143 1.
393 2072 485 2142 Unde
508 2072 654 2141 ostendis
678 2094 730 2141 res
753 2093 823 2141 esse
845 2073 933 2141 sicut
958 2080 994 2139 tu
1017 2070 1119 2152 dicis,
1143 2080 1306 2140 enatura
1328 2071 1417 2140 vete
1441 2071 1526 2141 libro
1545 2072 1682 2163 antiqui
1700 2071 1752 2141 uei
1772 2073 1854 2140 naci

255 2203 485 2297 (testamenti).

328 2399 363 2470 D.
381 2405 525 2492 Moyses,
539 2400 723 2492 propbetae
742 2411 773 2470 et
791 2401 942 2491 Apostoli
961 2423 1027 2468 non
1042 2401 1131 2470 sicut
1150 2411 1186 2470 tu
1207 2400 1311 2471 locuti
1328 2413 1420 2484 sunt,
1446 2402 1503 2471 sed
1521 2403 1660 2471 Messias
1679 2403 1790 2471 ueniet
1814 2404 1852 2471 in

253 2535 322 2626 fine
347 2544 532 2625 temporum
558 2545 590 2603 et
608 2533 783 2603 renovabit
802 2534 1004 2603 creationem
1025 2544 1172 2603 creatam
1192 2557 1214 2603 a
1232 2537 1298 2603 Deo
1321 2557 1384 2603 sem
1402 2534 1519 2604 diebus
1542 2545 1573 2604 et
1590 2535 1738 2605 salvabit
1756 2534 1853 2603 Ada-

256 2689 349 2737 mum
368 2669 429 2758 qui
441 2667 595 2759 peccauit
612 2678 645 2737 et
664 2667 780 2759 tapsus
799 2677 858 2736 est.

330 2860 363 2932 3.
383 2865 538 2932 Dicemus
557 2862 669 2931 adbuc
684 2888 695 2932 .·
709 2863 762 2932 oet
776 2866 864 2932 Deus
878 2862 1060 2954 praenovit
1074 2863 1163 2932 banc
1177 2863 1451 2933 commistionem
1466 2866 1596 2935 entium
1616 2886 1691 2933 cum
1712 2863 1849 2942 mundo,

257 2996 346 3065 unde
364 2997 479 3064 omitia
499 2996 593 3065 mata
607 2996 826 3088 proueniunt,
850 3006 882 3065 et
899 2997 932 3065 si
944 2999 1135 3088 praenovit,
1156 3019 1218 3066 cur
1234 2999 1322 3066 Deus
1342 3019 1410 3065 non
1427 2997 1506 3087 [ecit
1520 2997 1685 3067 mundum
1699 3021 1744 3066 cco
1753 2997 1856 3090 puris

257 3129 388 3198 entibus
408 3139 590 3220 antequam
609 3129 682 3199 iilis
701 3131 973 3226 commisceretur
991 3126 1149 3200 madum?
1168 3141 1199 3200 et
1216 3131 1249 3199 si
1255 3131 1437 3222 praenovit
1447 3141 1479 3200 et
1493 3154 1559 3199 non
1568 3133 1681 3222 potuit
1693 3131 1857 3222 impedire

257 3262 531 3331 commixtionem
551 3264 765 3332 tenebrarum
785 3286 861 3332 curn
874 3264 976 3354 puris
996 3263 1142 3346 entibus,
1169 3263 1239 3333 iam
1263 3263 1383 3333 debitis
1406 3275 1453 3333 est
1476 3267 1564 3334 Deus
1586 3254 1618 3333 et
1644 3287 1710 3332 non
1730 3265 1856 3356 poterit

259 3393 424 3463 mundare
443 3395 535 3464 entia
549 3417 642 3486 pura
661 3419 683 3464 a
703 3394 857 3478 tenebris,
882 3397 942 3487 qui
961 3420 1029 3465 non
1050 3396 1201 3487 potuerit
1223 3395 1387 3488 impedire
1405 3397 1679 3466 comminationem
1699 3397 1855 3466 tenebra·

259 3549 334 3596 rum
351 3550 426 3598 eccm
446 3527 499 3595 itis
518 3528 662 3597 entibus.
689 3529 744 3596 Vct
757 3531 845 3597 Deus
865 3551 932 3597 uon
942 3529 1124 3621 praenovit
1142 3540 1174 3598 et
1192 3529 1368 3600 inuenitur
1383 3530 1580 3621 imprudens
1599 3541 1630 3599 et
1650 3530 1815 3621 ipnorans
1826 3530 1851 3597 ¹.

332 3737 368 3807 4.
391 3741 546 3809 Dicemus
564 3741 676 3811 adbuc
694 3742 857 3812 aduersus
877 3741 941 3812 itta
960 3742 1053 3812 entia
1074 3768 1085 3812 .·
1106 3742 1157 3812 cci
1176 3766 1198 3811 a
1216 3743 1359 3835 propria
1383 3743 1557 3813 uoluntate
1579 3742 1856 3814 desideraverunt

261 3883 297 3941 ut
325 3873 630 3956 commiscerentur,
653 3875 705 3944 uet
733 3878 840 3945 eoacti
862 3876 1003 3945 suntab
1029 3875 1111 3945 aliis
1139 3875 1282 3945 entibus.
1307 3876 1346 3945 Si
1371 3899 1393 3945 n
1414 3876 1558 3968 propria
1581 3876 1768 3958 oolurrtate,
1793 3897 1857 3944 car

259 4010 483 4098 corisuperunt
501 4007 539 4075 in
557 4007 667 4077 altum
680 4019 718 4078 ut
740 4031 775 4078 se
795 4009 979 4078 liberarent
996 4032 1018 4077 a
1038 4005 1209 4078 tenebris?
1227 4009 1259 4078 si
1281 4033 1303 4078 a
1317 4011 1470 4100 potentia
1490 4008 1650 4092 aliorum,
1673 4009 1748 4078 dico
1760 4008 1856 4077 entia

261 4139 438 4208 uiolentiae
463 4163 529 4208 icon
548 4140 681 4224 subiici,
703 4141 784 4210 etsi
808 4165 830 4210 a
850 4164 941 4224 casu,
966 4164 1026 4211 aec
1051 4165 1132 4210 casu
1157 4142 1292 4213 subiici.
1319 4144 1363 4212 Et
1385 4144 1417 4211 si
1434 4144 1599 4212 Dominus
1623 4142 1762 4212 iiior-um
1781 4152 1856 4210 erat

260 4274 297 4341 in
317 4273 396 4355 alto,
421 4283 459 4342 ut
481 4274 571 4356 dimi,
594 4284 689 4366 patet
715 4273 816 4343 iilum
841 4275 1015 4344 miscuisse
1040 4274 1105 4344 itta
1130 4276 1235 4358 entia,
1264 4298 1332 4345 non
1354 4286 1539 4368 potuerunt
1557 4277 1647 4345 enim
1668 4275 1743 4359 itta,
1766 4274 1858 4345 sicut

259 4407 350 4474 serui
374 4406 613 4490 inobedientes,
637 4407 827 4499 relinquere
851 4409 1020 4499 cepionem
1045 4431 1143 4477 suam
1168 4420 1199 4477 ct
1225 4408 1297 4478 ioca
1325 4432 1389 4479 sua
1407 4421 1545 4502 praeter
1563 4411 1768 4479 uoluntatem
1788 4411 1857 4477 Do-

263 4539 350 4607 mini
367 4539 433 4622 sui,
453 4549 537 4608 etse
555 4562 685 4610 movere
704 4550 735 4609 et
754 4541 943 4633 impinpcre
967 4542 1003 4610 in
1025 4541 1166 4611 inuicem
1180 4541 1207 4610 ².

336 4732 370 4799 5.
396 4733 552 4802 Dicemus
576 4734 687 4803 adbuc
710 4735 852 4805 stultum
877 4757 946 4804 esse
969 4735 1197 4805 Bardesanem
1228 4737 1289 4828 qui
1313 4737 1396 4807 dicit
1419 4739 1524 4806 Βιιιιη
1548 4759 1617 4806 esse
1642 4746 1674 4806 ct
1697 4738 1858 4805 commis·

262 4860 332 4933 ceri
349 4888 425 4935 cum
444 4870 614 4959 corporc³.

326 5067 332 5103 ⁴
350 5067 400 5130 Ad
415 5067 494 5131 haee
514 5069 685 5153 respondet
705 5069 905 5134 Bsrdesanes
921 5071 1014 5152 (infre
1028 5070 1090 5134 col.
1107 5074 1252 5151 608-611)
1271 5092 1278 5133 :
1296 5096 1311 5128 o
1330 5071 1418 5134 Nihil
1436 5071 1588 5134 resistere
1603 5078 1710 5154 potest
1727 5079 1860 5135 sanctae

264 5180 295 5233 et
308 5175 430 5256 potenti
445 5173 599 5238 voluntati
616 5175 778 5240 divinae...
802 5178 920 5240 Suffert
934 5177 1053 5241 melum
1069 5176 1193 5241 modico
1208 5187 1352 5262 tempore
1372 5179 1446 5262 quia
1461 5178 1565 5241 bonus
1582 5186 1632 5241 est
1647 5186 1679 5240 et
1698 5177 1775 5240 sinit
1789 5197 1859 5240 om-

264 5298 321 5341 nes
336 5287 468 5344 naturas
483 5302 670 5365 permanere
685 5284 718 5347 in
732 5304 791 5347 sua
805 5284 946 5348 essentia
959 5294 992 5347 et
1005 5284 1079 5348 duci
1094 5284 1269 5349 secundum
1285 5306 1376 5348 suem
1389 5284 1623 5349 voluntatem...
1643 5309 1657 5340 n

325 5387 337 5424 ²
350 5386 529 5470 Respondit
544 5388 743 5454 Berdesenes
757 5391 906 5455 tenebras
921 5390 1105 5455 desiderare
1119 5391 1378 5455 commixtionem
1393 5391 1649 5476 repugnantibus
1661 5389 1745 5454 eliis.

325 5492 337 5530 ³
353 5490 435 5555 Illud
451 5514 513 5556 non
532 5495 653 5579 legitur
671 5497 702 5557 in
718 5497 863 5561 doctrina
882 5496 1076 5561 Berdesanis
1095 5499 1241 5583 cognite,
1258 5499 1333 5561 nem
1352 5496 1438 5561 aliud
1458 5506 1507 5561 est
1527 5499 1736 5560 coexistentia
1752 5495 1814 5559 Dei
1829 5506 1861 5560 et

264 5617 433 5681 corporum
449 5609 482 5662 et
494 5599 580 5663 aliud
593 5605 778 5665 commixtio
793 5604 852 5667 Dei
867 5611 899 5666 et
918 5623 1099 5686 corporum.
