3884 6316
294 353 352 408 509
834 341 1079 406 PRAEFATIO
1101 380 1139 389 -
1162 341 1304 407 CAPUT
1328 344 1352 406 l.

365 527 520 598 Demum
540 479 742 597 notandum
762 535 819 596 est
836 526 873 595 S.
895 521 1053 622 Ephrem
1072 522 1241 595 versibus
1262 523 1315 597 uti
1332 524 1378 596 ad
1399 524 1639 598 refellendum
1659 551 1752 624 opus
1774 528 1895 625 quod-

293 659 376 731 dam
398 656 566 731 versibus
589 656 699 729 etiam
723 668 922 728 exaratum.
946 658 1037 727 Nam
1060 655 1148 727 citat
1166 666 1309 727 tantum
1334 658 1495 754 psalmos
1520 684 1541 730 a
1568 658 1778 733 Bardesane
1808 686 1895 732 con-

292 791 422 863 iectos.
448 789 639 885 Quinimo,
665 787 702 859 in
728 786 855 886 primis
876 785 1045 888 versibus
1072 786 1149 859 suis
1175 812 1241 859 nos
1269 788 1395 861 docuit
1419 815 1458 861 se
1484 814 1638 888 poenam
1666 792 1891 864 Bardesanis

291 949 518 1023 exaggerare
538 922 699 995 voluisse
719 950 726 991 :

365 1059 405 1129 P.
428 1057 499 1129 437
520 1057 552 1128 Α
572 1083 579 1126 :
600 1059 697 1123 ιω»
709 1054 772 1124 μοι
789 1066 854 1128 sos
873 1066 926 1140 sy
940 1065 975 1120 ,a
995 1065 1078 1123 rear
1093 1072 1185 1139 cap
1202 1055 1295 1135 aaut
1309 1063 1369 1123 rst-
1383 1073 1426 1136 ,ε

364 1192 524 1284 Quisquis
548 1213 689 1282 ecyrum
710 1212 835 1259 souare
854 1193 960 1281 cupit,
983 1212 1129 1280 poenam
1151 1201 1354 1282 exaggerat,
1379 1213 1438 1260 nee
1458 1192 1529 1261 ideo
1551 1193 1665 1262 miuus
1684 1203 1799 1275 anrut,·
1822 1203 1893 1262 tor-

291 1336 379 1418 quet,
405 1348 463 1394 nec
482 1325 563 1409 odit,
589 1347 764 1416 utinquam
782 1323 897 1392 uriuus
917 1323 1029 1393 iratus
1044 1346 1146 1415 quam
1166 1346 1241 1392 eum
1262 1325 1380 1394 saeuit.

1076 1607 1107 1676 II

730 1861 920 1908 AUC'I'OIIUM
947 1861 1197 1908 nacituriouuu
1224 1862 1449 1908 TESTIMONIA.
1556 1844 1557 1848 Ἰ

291 2071 312 2117 i.
333 2068 511 2118 sozomenus.
523 2095 555 2104 -
569 2071 592 2117 2.
608 2065 807 2117 Theodoretus.
822 2093 854 2102 -
867 2069 890 2114 3.
907 2066 1013 2116 Auctor
1026 2064 1155 2118 chronici
1175 2064 1305 2117 Edessae.
1323 2095 1354 2102 -
1367 2071 1390 2116 3.
1407 2067 1482 2117 Elias
1497 2066 1656 2118 Nisibenus.
1671 2091 1702 2103 —
1717 2073 1739 2116 5.
1757 2068 1893 2119 Philoxe-

352 2168 412 2206 nus.
428 2183 458 2191 -
468 2161 490 2205 6.
510 2157 631 2206 Historia
646 2152 799 2204 Rabbulae.
812 2180 844 2192 -
857 2158 879 2203 7·
896 2152 1015 2204 Iacobus
1026 2153 1193 2205 Edessenus.
1204 2181 1235 2192 -
1246 2158 1270 2204 a.
1287 2153 1422 2219 Georgius
1434 2154 1557 2205 Arabum
1569 2157 1726 2220 episcopus.
1740 2184 1770 2192 —
1782 2161 1806 2206 9.
1822 2157 1894 2219 Moy-

352 2257 397 2295 ses
425 2245 480 2294 Bar
504 2244 608 2309 Kepha.
635 2270 667 2281 -
690 2246 728 2292 10.
757 2243 897 2293 Praelatio
925 2243 1039 2293 arabica
1064 2242 1173 2293 concilii
1202 2244 1325 2295 Niceent
1349 2272 1380 2279 —
1407 2247 1444 2293 11.
1466 2242 1628 2294 Theodorus
1651 2243 1707 2294 Bar
1735 2244 1836 2294 Khuni.
1862 2272 1895 2282 -

352 2337 390 2383 ii.
416 2331 532 2383 Masudi.
557 2359 588 2369 -
617 2336 655 2383 13.
683 2331 799 2384 Fuerat.
828 2359 859 2369 —
886 2335 924 2381 14.
949 2331 1454 2383 Muhammad·asch-Schahrastani.
1479 2336 1570 2382 -15,
1598 2333 1714 2383 Michael
1742 2333 1837 2397 Syrus.
1863 2361 1895 2371 -

352 2426 389 2472 16.
407 2421 463 2472 Bar
477 2420 631 2473 Hebraeus.

363 2618 588 2704 Notandum,
621 2619 779 2691 decursu
804 2617 996 2717 temporis,
1028 2617 1274 2691 Bardesanem
1301 2617 1421 2717 magis
1449 2643 1491 2691 ac
1518 2618 1639 2717 magis
1665 2618 1892 2691 haereticum

289 2752 468 2837 evasisse
499 2751 557 2824 vel
582 2752 678 2824 enim
710 2751 881 2849 discipuli
909 2749 1147 2836 BardesaniS,
1176 2751 1212 2823 vi
1240 2750 1590 2838 controversiarum,
1624 2750 1670 2823 ah
1702 2752 1891 2824 Ecclesiae

289 2884 465 2958 doctrinis
480 2884 673 2957 exularunt
688 2896 724 2956 et
739 2908 865 2956 eorum
882 2908 1024 2956 errores
1041 2883 1220 2981 magistro
1235 2882 1395 2957 tributae
1410 2884 1572 2968 suerunt,
1589 2882 1647 2957 vel
1663 2883 1890 2957 recentiores

289 3031 475 3102 auctoreS,
500 3017 646 3115 scriptis
672 3016 892 3089 Bardesanis
917 3016 1049 3103 orbati,
1076 3016 1280 3090 doctrinam
1305 3017 1384 3089 eius
1410 3042 1455 3088 ex
1481 3016 1653 3115 operibus
1675 3042 1801 3089 eorum
1827 3018 1889 3115 qui

287 3152 320 3223 ei
336 3149 635 3235 adversabantur,
655 3149 870 3235 hauserunt,
896 3163 933 3223 et
957 3176 978 3222 a
998 3150 1132 3224 veriori
1155 3175 1267 3223 sensu
1289 3163 1512 3225 averterunt.
1541 3152 1633 3222 Nam
1658 3152 1696 3222 S.
1727 3150 1888 3247 Ephrem

287 3308 473 3382 nunquam
501 3283 612 3356 refert
636 3281 839 3356 doctrinam
866 3282 1087 3356 Bardesanis
1107 3283 1154 3356 ad
1176 3282 1381 3357 doctrinam
1403 3282 1592 3356 Valentini
1619 3295 1654 3355 et
1675 3283 1888 3382 gnosticum

286 3417 388 3489 illurn
405 3441 487 3490 esse
500 3441 567 3489 nec
583 3416 728 3501 asserit,
746 3441 812 3489 nec
828 3415 972 3514 probat,
991 3416 1056 3489 sed
1074 3416 1297 3489 recentiores
1313 3429 1495 3502 auctores,
1514 3415 1559 3488 ab
1575 3414 1733 3488 Eusebio
1750 3429 1786 3488 et
1805 3416 1889 3513 Epi·

285 3549 420 3648 phanio
435 3549 601 3648 persuasi
619 3550 864 3622 Bardesanem
880 3549 925 3621 ad
939 3549 1102 3623 scholam
1116 3549 1303 3622 Valentini
1321 3549 1517 3648 pertinere,
1535 3548 1647 3622 verba
1663 3552 1701 3621 S.
1727 3548 1888 3647 Ephrem

286 3682 408 3782 aliquo
428 3683 535 3756 modo
552 3682 785 3756 detorserunt
804 3696 845 3756 ut
864 3682 1049 3755 doctrinas
1067 3682 1255 3755 Valentini
1274 3682 1436 3756 tribuere
1456 3694 1608 3781 possent
1630 3681 1845 3754 Bardesani.

363 3817 394 3886 l.
420 3818 657 3904 SozomenuS,
677 3815 713 3888 in
736 3815 883 3888 saeculo
904 3815 1045 3914 quinte,
1065 3841 1132 3888 nos
1156 3817 1265 3889 docet
1289 3815 1536 3888 Bardesanem
1558 3814 1733 3887 hahuisse
1755 3813 1886 3910 filium,

286 3948 523 4021 Harmonium
548 3949 707 4035 nomine,
730 3948 793 4047 qui
812 3948 945 4021 litteris
971 3949 1115 4047 graecis
1138 3949 1314 4036 imbutus,
1337 3949 1494 4047 primum
1514 3973 1686 4022 numeros
1713 3947 1888 4019 metricos

285 4082 491 4154 atmodum
513 4081 693 4154 musicum
713 4095 750 4155 et
770 4082 902 4155 choros
925 4081 963 4153 in
984 4081 1165 4179 syriacam
1193 4081 1359 4181 linguam
1384 4081 1520 4154 intulit.
1545 4080 1735 4180 Expressit
1755 4080 1888 4153 carmi·

284 4213 391 4287 nibus
420 4215 498 4287 suis
526 4239 669 4287 errores
694 4214 823 4312 patris,
858 4228 894 4287 et
926 4217 964 4287 S.
994 4214 1169 4314 Ephrem,
1195 4214 1325 4287 videns
1351 4214 1519 4288 homines
1550 4213 1711 4313 rhythmi
1752 4213 1886 4286 musici

284 4347 464 4420 suavitate
483 4347 577 4445 capi,
596 4347 735 4420 eisdem
755 4348 916 4420 numeris
939 4346 1030 4421 odas
1052 4347 1259 4446 composuit
1273 4351 1298 4417 ⁴.

361 4483 415 4553 Ex
429 4480 497 4553 hae
511 4480 603 4552 ialsa
619 4480 812 4553 Sozomeni
827 4480 1036 4554 narratione
1052 4460 1187 4553 Psalmi
1203 4493 1350 4553 centum
1365 4494 1402 4554 et
1418 4479 1685 4580 quinquaginta
1698 4478 1744 4551 ad
1761 4478 1885 4552 imita-

281 4614 419 4686 tionem
439 4613 590 4686 Davidis
610 4614 711 4713 regis
731 4613 938 4711 compositi,
956 4639 1049 4712 quos
1069 4617 1106 4686 S.
1131 4613 1290 4712 Ephrem
1309 4613 1439 4687 tribuit
1460 4613 1674 4696 Bardesani,
1697 4637 1770 4685 non
1791 4613 1886 4684 iuis-

282 4760 364 4820 sent
395 4745 441 4818 ah
475 4746 537 4818 illo
567 4746 693 4845 scripti
727 4747 791 4819 sed
816 4772 837 4818 a
864 4747 938 4819 lilio
964 4746 1061 4835 eius,
1089 4759 1125 4820 et
1156 4772 1230 4819 non
1263 4747 1509 4820 Bardesanem
1545 4747 1609 4820 sed
1645 4746 1886 4819 Harmonium

282 4879 432 4952 citasset
456 4892 492 4952 et
513 4881 771 4979 impugnasset
795 4883 832 4952 S.
863 4880 1031 4978 Ephrem.

356 5013 391 5084 2.
420 5015 524 5086 quta
543 5013 815 5086 Theodoretum
837 5016 874 5108 (†
889 5014 973 5108 458)
992 5013 1222 5087 Bardesanes
1242 5014 1356 5087 multa
1376 5013 1525 5113 scripsit
1548 5013 1704 5111 syriace,
1725 5037 1820 5111 quae
1846 5011 1884 5084 in

282 5170 453 5245 graecam
481 5146 646 5246 linguam
673 5171 781 5219 versa
801 5160 899 5219 sunt.
920 5149 1009 5219 Item
1029 5146 1126 5220 illius
1147 5147 1226 5220 eius
1252 5147 1486 5231 Harmonius,
1509 5145 1665 5219 Athenis
1686 5145 1882 5230 educatus,

282 5277 395 5350 multa
415 5291 451 5351 et
474 5279 553 5377 ipse
576 5279 724 5378 scripsit
748 5279 891 5378 syriaca
912 5279 1058 5380 lingua3
1085 5293 1261 5378 utrosque
1292 5280 1423 5354 refellit
1445 5281 1483 5353 S.
1504 5280 1702 5378 Ephrem².

343 5481 352 5519 ⁴
370 5481 411 5545 H.
428 5482 469 5544 Ε.
487 5482 541 5556 III,
559 5488 610 5558 163
632 5481 753 5566 Migne‚
770 5483 810 5545 P.
830 5482 869 5546 G.
891 5493 914 5546 t.
932 5482 1058 5559 LXVII,
1075 5483 1136 5548 col.
1156 5488 1241 5547 1090.

341 5588 354 5625 ²
369 5587 411 5650 H.
427 5588 465 5649 F.
484 5588 507 5664 I,
525 5594 577 5665 22;
595 5588 716 5673 MIgne,
734 5589 774 5651 P.
794 5589 833 5653 G.
847 5598 871 5651 t.
888 5587 1061 5665 LXXXIII,
1078 5589 1139 5652 col.
1156 5594 1225 5651 372.
