3884 6316
246 409 306 468 694
770 390 1013 457 PRAEFATIO
1035 431 1073 439 -
1096 392 1237 457 CAPUT
1261 395 1316 458 111.

320 594 437 684 prro
455 588 594 658 llorrni:
618 597 726 656 mater
755 583 899 677 Saporis
923 585 1013 675 repis
1039 585 1134 655 arisit
1160 589 1367 677 sorepuinem
1395 588 1441 656 ud
1465 589 1628 659 Rullum.
1650 594 1723 662 aot
1753 596 1853 664 sede-

251 730 305 797 bot
334 724 465 815 arpotio
493 745 553 790 sero
584 743 696 790 corum
719 742 753 787 se
780 718 936 787 deucere
963 740 1036 786 suo.
1063 718 1163 787 lliarit
1191 719 1239 788 eis
1263 745 1273 788 .·
1295 720 1447 810 Soupuis
1472 721 1526 790 tio
1552 722 1755 795 deliciarum
1785 740 1850 797 est.

250 860 348 930 llioeit
367 856 459 951 (illo)
473 856 545 948 filio
564 851 652 949 (suo)
675 852 755 921 Veni
770 852 887 921 atride
906 874 1008 943 queam
1023 851 1139 922 dilecti
1152 855 1222 923 sint
1237 853 1371 923 ludaei.
1393 855 1493 924 uteie
1508 856 1541 924 ei
1558 881 1568 925 .·
1583 860 1742 929 Forsitan
1762 863 1856 931 sicut

251 1016 368 1063 corrues
386 993 423 1061 ia
442 995 602 1081 fenestra.
626 989 752 1055 lterum
774 985 867 1055 misit
880 985 913 1052 ei
930 985 1118 1076 sercopinto
1137 987 1262 1077 species
1281 983 1467 1077 suu‘puiuis
1485 999 1517 1057 et
1535 1012 1648 1059 omues
1667 1016 1855 1064 enumera-

253 1137 345 1196 ruut.
370 1125 520 1214 Sanpeus
540 1120 683 1190 ultimus
705 1129 778 1188 era-t
787 1118 1035 1210 pediculorum,
1056 1119 1144 1211 qrrod
1165 1119 1225 1189 ille
1246 1120 1400 1189 nescivit.
1422 1124 1486 1191 llos
1506 1125 1669 1195 coacescit.
1695 1129 1738 1195 Et
1759 1127 1856 1196 arisit

254 1263 302 1330 eis
319 1259 483 1351 pectinem
509 1254 709 1323 occidentem
726 1252 913 1343 pediculos.
937 1254 1036 1321 utre
1057 1277 1067 1321 .·
1089 1252 1210 1322 ludaei
1230 1253 1268 1321 iu
1289 1253 1454 1323 cubiculis
1477 1256 1585 1326 cordis
1606 1257 1800 1328 babitant¹.

330 1388 415 1462 Loci
436 1387 496 1458 isti
513 1397 569 1457 sat
588 1396 712 1482 aperte
727 1382 926 1455 ostendunt
945 1394 1097 1454 matrem
1116 1382 1265 1481 Saporis
1286 1383 1377 1456 miro
1394 1386 1551 1483 quodam
1568 1387 1699 1461 affectu
1720 1389 1857 1462 adhae-

260 1523 354 1596 sisse
379 1519 536 1592 ludaeis.
557 1517 675 1589 Etiam
699 1518 792 1588 Acta
816 1517 1017 1614 Martyrum
1046 1528 1213 1588 statuunt
1244 1515 1424 1614 Reginam
1453 1518 1590 1590 sociam
1616 1521 1857 1594 consiliorum

260 1657 475 1729 ludaeorum
496 1651 608 1722 luisse
626 1674 698 1746 qua
719 1647 901 1720 mediante
924 1647 1045 1746 ipsum
1067 1652 1205 1748 Regem
1232 1661 1361 1721 contra
1381 1649 1612 1725 Christianos
1634 1654 1855 1728 excitarunt.

261 1793 363 1861 Hanc
383 1785 528 1884 quidem
544 1784 719 1856 Actorum
736 1781 976 1853 assertionem
995 1784 1037 1852 R.
1056 1782 1173 1853 Duval
1192 1780 1412 1879 simpliciter
1428 1782 1545 1856 reiicit
1558 1786 1583 1869 ²,
1606 1786 1742 1885 aliique
1758 1789 1857 1861 docti

261 1922 415 1994 ludaeos
432 1917 477 1990 ah
497 1915 730 1989 accusatione
748 1913 819 1986 ista
837 1913 1025 1985 absolvero
1040 1914 1218 1997 nituntur,
1242 1916 1294 1988 sic
1321 1941 1354 1987 c.
1372 1941 1430 2013 gr.
1455 1919 1493 1987 S.
1512 1920 1616 1990 Funk
1631 1922 1657 2004 ³,
1675 1920 1738 2017 qui
1760 1921 1859 1992 rela-

261 2056 398 2128 tionem
418 2052 635 2125 ludaeorum
651 2060 688 2120 et
706 2047 996 2120 Christianorum
1017 2049 1163 2120 saeculo
1180 2050 1230 2120 Ill
1247 2061 1402 2121 exeunte
1424 2062 1481 2123 sat
1496 2051 1724 2126 amicabilem
1743 2053 1858 2127 luisse

263 2188 433 2286 opinatur
445 2208 621 2257 revocans
636 2180 903 2279 disputationes
918 2180 1113 2280 religiosas
1129 2182 1166 2253 in
1181 2204 1272 2282 aaran
1296 2204 1329 2251 u
1345 2184 1355 2219 ⁴
1374 2181 1501 2256 haberi
1518 2183 1645 2258 solitas
1659 2187 1858 2259 atmodum

264 2346 336 2419 quo
365 2320 402 2390 in
420 2326 483 2391 :t‘a
499 2316 543 2389 de
564 2312 759 2387 haereticis
780 2321 896 2402 (arara)
917 2313 1053 2412 agitur,
1072 2313 1134 2412 qui
1156 2315 1265 2414 longe
1284 2315 1388 2390 abest
1408 2315 1454 2388 ab
1478 2318 1599 2391 animo
1616 2318 1763 2392 inimico
1779 2320 1856 2404 illo,

263 2478 371 2553 quem
391 2461 446 2524 dn
468 2450 595 2549 spirat.
620 2451 725 2533 Est03
749 2446 895 2520 saeculo
914 2458 1037 2519 tamen
1057 2447 1177 2520 medio
1205 2450 1256 2522 lV
1275 2475 1334 2522 res
1359 2451 1398 2522 iu
1417 2451 1522 2549 peius
1542 2463 1765 2524 commutata
1786 2465 1856 2524 est.

266 2590 359 2660 Acta
374 2585 469 2658 euim
482 2594 665 2655 testantur
685 2580 840 2653 ludaeos
852 2579 889 2651 in
909 2604 1020 2652 causa
1034 2583 1072 2651 S.
1091 2580 1273 2654 Simeonis
1288 2584 1601 2682 sycophantarum
1619 2585 1698 2656 vice
1713 2583 1860 2657 functos

267 2745 348 2793 esse
360 2722 387 2805 ⁵,
404 2730 439 2791 et
450 2716 584 2801 ournia,
598 2738 690 2813 quae
706 2713 751 2785 de
766 2712 908 2810 Regina
924 2712 1069 2785 ludaeis
1084 2713 1305 2787 amicissima
1320 2717 1494 2803 referunt,
1512 2716 1565 2788 uti
1582 2743 1691 2814 supra
1707 2716 1861 2789 demon-

269 2864 423 2925 stratum
446 2863 515 2931 est,
538 2874 620 2921 cum
645 2847 822 2918 Talmude
847 2859 1016 2918 accurate
1044 2847 1279 2921 conveniunt.
1305 2851 1453 2923 Certum
1480 2862 1602 2922 autem
1625 2862 1682 2923 est
1705 2850 1862 2922 ludaeos

271 3012 344 3058 non
360 2984 473 3056 fuisse
494 3006 642 3054 cansam
657 3004 724 3053 nec
743 2979 887 3052 unicam
904 3003 970 3052 nec
990 2979 1228 3077 principalem
1247 2983 1530 3080 persecutionis,
1549 2983 1614 3056 sed
1630 2985 1761 3083 Magos
1782 3007 1863 3054 om-

269 3119 496 3216 nipotentes,
523 3114 585 3212 qui
612 3125 690 3185 tum
721 3111 767 3184 oh
798 3111 988 3210 religionis
1022 3113 1194 3210 antiquae
1224 3115 1361 3198 zelum,
1389 3128 1466 3188 tum
1497 3114 1543 3188 ob
1571 3115 1734 3190 rationes
1763 3140 1864 3187 mere

271 3248 480 3323 materiales
507 3250 647 3346 Regem
672 3257 799 3318 contra
823 3244 1053 3318 Christianos
1082 3246 1262 3319 excitasse
1290 3248 1413 3320 omnia
1441 3247 1516 3321 fere
1542 3250 1635 3320 Acta
1665 3260 1862 3321 testantur.

271 3386 385 3456 lmmo
408 3380 591 3453 hincinde
616 3378 866 3451 enarrationes
888 3378 1146 3476 Martyriorum
1163 3393 1288 3477 aperte
1308 3381 1496 3453 insinuant
1513 3384 1643 3480 Magos
1663 3382 1761 3454 haud
1781 3405 1866 3453 raro

272 3520 410 3615 Regem
426 3514 594 3613 coegisse
610 3512 655 3585 ad
671 3511 832 3585 facinora
847 3510 908 3583 illa
924 3511 1083 3583 crudelia
1100 3512 1204 3585 iussu
1217 3513 1381 3587 eiusdem
1399 3527 1620 3613 perpetrata.
1635 3514 1742 3609 Quod
1757 3512 1867 3586 facile

273 3648 504 3747 intelligitur,
523 3646 553 3719 si
580 3671 705 3718 eorum
720 3643 885 3743 potentia
905 3644 943 3716 in
966 3644 1049 3716 aula
1069 3646 1183 3744 Regis
1207 3646 1456 3745 perpendatur
1476 3659 1512 3719 et
1535 3646 1710 3744 pericula,
1733 3645 1868 3743 quibus

275 3788 391 3879 Sapor
415 3791 530 3852 semet
551 3777 783 3876 exposuisset
806 3776 837 3849 si
860 3777 1040 3849 voluntati
1064 3803 1188 3851 eorum
1211 3779 1420 3853 restitisset.
1449 3779 1556 3872 Quod
1581 3779 1803 3851 sufficienter
1826 3779 1871 3850 il-

274 3916 450 3988 lustratur
476 3912 694 4012 cognomine
717 3913 904 4005 peccatoris
930 3891 1141 4008 Iezdegerdi
1169 3913 1200 3983 ll
1232 3912 1404 4010 imposito
1433 3912 1479 3985 oh
1504 3912 1663 3984 savorem
1690 3911 1871 4008 imprimis

276 4075 348 4148 quo
368 4073 407 4119 se
428 4072 517 4145 erga
532 4044 761 4117 Christianos
776 4042 943 4142 gerebat.

350 4180 457 4255 Initio
490 4179 595 4279 regui
629 4177 780 4274 Saporis
813 4176 1011 4249 Christiani
1047 4178 1251 4275 generatim
1286 4177 1557 4263 tolerabantur;
1575 4178 1868 4276 persecutiones,

277 4340 369 4415 quas
384 4317 477 4385 Acta
492 4324 575 4384 ante
591 4335 725 4382 aunum
741 4310 812 4382 339
826 4309 1001 4382 excitatas
1017 4335 1098 4382 esse
1115 4311 1290 4395 referunt,
1309 4311 1445 4384 locales
1458 4311 1571 4384 luisse
1586 4311 1756 4384 videntur
1771 4323 1807 4382 et
1824 4311 1871 4384 ad

279 4447 488 4546 regulorum
500 4443 621 4541 potius
633 4446 897 4541 Magorumque
913 4443 949 4513 in
965 4442 1162 4539 provinciis
1179 4443 1284 4542 regni
1300 4443 1557 4516 remotioribus
1575 4442 1872 4516 malevolentiam

279 4592 315 4655 et
332 4578 597 4659 crudelitatem,
619 4601 728 4675 quam
748 4575 928 4673 adipsum
945 4600 1070 4673 regem
1088 4575 1299 4649 referendae
1320 4589 1422 4662 sunt;
1442 4577 1538 4648 viam
1553 4591 1675 4649 tamen
1692 4576 1875 4675 parabant

341 4909 349 4945 ⁴
370 4904 626 4969 Commentarius
639 4919 756 4971 nancta
771 4911 863 4985 putat
875 4902 927 4986 agi
942 4901 980 4963 de
993 4923 1053 4964 usu
1071 4903 1296 4984 superstitioso
1312 4905 1492 4987 sanguinis,
1509 4913 1600 4987 putat
1615 4902 1699 4964 enim
1713 4902 1876 4988 Reginam

282 5030 367 5079 nitu·
383 5029 470 5082 rame
487 5032 587 5094 opera
606 5012 801 5072 daemonum
823 5007 961 5071 crevisse.

341 5121 353 5157 ²
371 5120 409 5181 R.
427 5119 539 5191 Duval,
557 5118 607 5180 La
625 5117 810 5179 litterature
824 5118 991 5196 syriaque,
1010 5114 1111 5189 Paris
1131 5120 1218 5191 1899,
1235 5136 1267 5199 p.
1292 5121 1359 5177 134.

342 5228 354 5264 ³
372 5226 405 5288 S.
422 5226 523 5299 Funk,
542 5224 601 5285 Die
615 5221 868 5307 Hoggodiselren
882 5221 1050 5284 Elenrante
1064 5225 1097 5283 in
1113 5221 1175 5284 den
1191 5223 1354 5285 Ilomr'liea
1374 5221 1430 5284 des
1444 5221 1636 5305 Apbrautes
1654 5220 1763 5298 Wien,
1782 5225 1875 5298 1891,

280 5355 314 5418 p.
335 5340 367 5394 11
385 5354 432 5414 sq.

343 5439 354 5476 ⁴
371 5438 419 5499 De
435 5458 496 5521 quo
512 5437 582 5499 vide
600 5457 607 5498 t
622 5434 794 5508 Delitzsch
819 5434 993 5497 Ebioniten
1014 5435 1084 5497 rrnd
1100 5434 1275 5499 Nazaraei·
1291 5439 1334 5498 im
1362 5436 1503 5498 Talmud
1523 5434 1689 5516 (Zeitschr.
1706 5434 1729 5496 l.
1745 5434 1777 5498 d.
1801 5454 1874 5519 ges.

280 5545 474 5609 lutherische
491 5544 615 5618 Theol.,
635 5547 722 5618 1856,
740 5542 814 5604 llelt
832 5543 870 5619 1).
889 5540 990 5616 Funk,
1009 5563 1061 5624 op.
1078 5545 1145 5615 eit,
1163 5543 1193 5603 in
1209 5539 1406 5626 Appendice,
1423 5542 1504 5606 Note
1520 5543 1558 5604 B.

341 5655 352 5692 ⁵
368 5653 441 5734 MS,
456 5674 475 5714 n
493 5659 540 5725 123
558 5650 641 5713 idem
656 5649 776 5733 legitur
790 5648 821 5710 in
836 5646 925 5711 Actis
939 5648 1080 5712 Tharba.
1100 5648 1146 5711 St.
1164 5649 1201 5711 E.
1217 5646 1401 5726 Assemani,
1419 5672 1471 5733 op.
1486 5653 1553 5725 cit,
1569 5659 1594 5712 t.
1611 5647 1636 5724 l,
1654 5669 1686 5732 p.
1705 5651 1755 5711 54.
