3884 6316
662 383 905 450 PRAEFATIO
928 423 967 432 -
989 384 1128 450 CAPUT
1151 386 1191 449 ll.

718 893 858 946 CAPUT
885 892 1117 944 SECUNDUM

222 1149 286 1225 DE
317 1145 632 1226 ARGUMENTO
662 1144 724 1222 El
753 1144 928 1224 MU'PUA
959 1144 1244 1223 RELATlONE
1276 1143 1639 1224 RECENSlONUM

499 1331 751 1411 AMBARUM
782 1331 1023 1410 ACTORUM
1054 1331 1095 1408 S.
1129 1330 1368 1410 SIMEONIS

138 1683 160 1728 l.
178 1680 323 1730 Assemani
338 1680 475 1729 sententia
489 1677 524 1728 de
543 1676 676 1728 relatione
691 1680 786 1728 mutua
804 1677 936 1728 Actorum
956 1675 1154 1727 amborum-
1173 1679 1194 1726 2.
1215 1675 1283 1736 Quis
1301 1677 1336 1726 sit
1357 1678 1452 1726 auctor
1471 1674 1640 1727 collectionis
1660 1677 1727 1725 anti-

168 1756 273 1819 quioris
288 1753 322 1804 ab
337 1755 485 1804 Assemani
500 1752 600 1804 editae.
617 1779 649 1791 -
663 1757 686 1801 3.
701 1751 830 1803 Ambitus
845 1752 1013 1804 collectionis
1027 1764 1061 1802 ex
1075 1750 1185 1815 epilogo
1201 1753 1333 1803 Actorum
1349 1751 1378 1801 S.
1395 1744 1577 1814 ‘Allebimae
1592 1752 1726 1802 statuitur.

167 1856 198 1866 -
212 1835 235 1879 t.
251 1829 322 1889 Quid
337 1829 419 1879 luerit
435 1828 579 1879 exordium
599 1827 768 1879 collectionis
788 1829 986 1891 martyriorum.
1002 1853 1033 1863 —
1048 1832 1072 1876 5.
1089 1825 1128 1876 De
1149 1827 1326 1892 inscriptione
1345 1829 1476 1878 Actorum
1497 1827 1526 1878 S.
1543 1827 1689 1878 Simeonis.
1702 1855 1728 1861 -

168 1916 191 1959 6.
209 1910 248 1960 De
268 1911 391 1959 oratione
408 1909 574 1973 panegyrica
589 1909 616 1957 in
636 1907 745 1958 laudam
767 1908 913 1971 Martyrum
929 1920 946 1958 a
964 1907 1067 1968 Bedjan
1082 1905 1165 1957 edita.
1180 1932 1212 1944 -
1226 1911 1247 1956 7.
1263 1906 1405 1966 Quaenam
1423 1907 1504 1958 inerit
1518 1909 1658 1972 antiquior
1672 1920 1728 1956 am-

169 1987 266 2038 barum
287 1990 484 2038 recensionum.
499 2013 531 2024 -
550 1992 574 2037 8.
594 1985 656 2045 Quo
678 1990 801 2051 tempore
820 1988 903 2037 luerit
922 1987 1078 2050 conscripta
1094 1987 1218 2036 recensio
1235 1987 1325 2037 iunior
1341 1989 1472 2037 Actorum
1492 1984 1520 2036 S.
1540 1986 1686 2036 Simeonis,
1700 2014 1728 2021 -

167 2069 190 2114 9.
205 2063 399 2115 Summarlum.

214 2448 262 2519 Ut
286 2444 429 2518 initium
454 2445 686 2545 episcopatus
715 2447 753 2516 S.
778 2445 958 2518 Simeonis
987 2470 1030 2517 ex
1056 2458 1176 2517 monte
1210 2448 1385 2544 Syrorum
1411 2458 1563 2517 eventus
1585 2443 1729 2515 maxinri

141 2579 314 2651 momenti
329 2579 448 2651 sactus
465 2590 521 2651 cst
535 2577 714 2677 dignitate
731 2577 971 2650 catholicatus
991 2577 1158 2650 instituta
1176 2578 1405 2676 primatuque
1421 2578 1593 2676 episcopo
1610 2577 1733 2649 Seleu·

145 2711 222 2784 ciac
242 2710 389 2797 collatu,
419 2711 471 2783 sic
498 2723 534 2783 ct
559 2711 679 2784 exitus
698 2709 766 2782 viri
787 2710 1009 2783 sanctissimi
1032 2711 1162 2782 summi
1183 2724 1238 2783 est
1262 2711 1453 2793 momenti;
1475 2710 1619 2782 initium
1639 2709 1734 2781 enim

147 2851 224 2912 erat
243 2839 509 2938 persecutionis
530 2838 689 2912 crudelis
707 2839 912 2938 longaeque
931 2844 1091 2934 aSopore
1106 2842 1299 2911 Persarum
1316 2863 1417 2938 rege,
1438 2838 1649 2922 suscitatae,
1669 2835 1735 2908 sub

145 2972 248 3045 ouius
267 2972 448 3070 principio
468 2971 615 3070 quidem
635 2983 802 3069 pastores
825 2984 861 3045 et
887 2972 1013 3045 fideles
1038 2971 1203 3045 certatim
1225 2972 1293 3045 zcli
1318 2985 1353 3045 et
1372 2970 1598 3044 fortitudinis
1618 2995 1736 3043 exem·

147 3105 208 3203 pla
231 3104 379 3177 heroica
398 3105 608 3190 exhibuere,
632 3117 669 3177 et
691 3104 759 3177 sub
779 3104 883 3177 cuius
906 3104 977 3177 fine
999 3105 1044 3177 ad
1065 3105 1339 3203 persecutiones
1360 3105 1548 3177 evitandas
1568 3103 1735 3186 ecclesia,

146 3238 200 3310 uti
220 3238 358 3324 dicunt,
382 3237 557 3310 nationali
572 3238 725 3310 fundata
744 3251 780 3310 et
795 3238 938 3311 haeresi
954 3238 1171 3312 Nestoriana
1193 3238 1399 3311 introducta
1414 3237 1460 3310 ab
1480 3237 1619 3309 unitate
1639 3235 1735 3320 fidei,

153 3369 331 3442 deiecere.
360 3374 481 3466 Quare
506 3396 638 3469 operae
661 3371 820 3471 pretium
840 3383 896 3444 est
917 3373 1135 3445 documenta
1154 3385 1307 3444 eventus
1326 3372 1418 3444 tanti
1442 3369 1616 3443 momenti
1643 3367 1740 3442 exhi·

144 3502 238 3575 bere
258 3515 295 3575 et
312 3527 438 3576 eorum
458 3516 623 3577 mutuum
638 3529 770 3577 nexum
786 3517 822 3577 et
835 3503 1015 3603 originem
1028 3505 1234 3578 accuratius
1250 3504 1486 3602 investigare.

225 3769 258 3839 l.
282 3769 462 3867 Martyria
483 3773 521 3841 S.
541 3769 722 3842 Simeonis
742 3770 884 3869 syriaca
904 3771 941 3842 in
955 3769 1099 3843 duabus
1116 3783 1261 3844 exstant
1280 3768 1555 3843 recensionibus
1575 3768 1739 3868 peranti-

157 3901 252 3999 quis,
279 3926 433 3999 quarum
463 3902 617 3999 primam
645 3907 841 3975 Assemani⁴
877 3902 1028 3977 alteram
1058 3915 1180 3976 autem
1212 3904 1373 4001 Bedjan²
1400 3902 1502 4001 prius
1531 3900 1737 3976 ediderunt.

148 4036 288 4108 Nexum
307 4047 428 4107 autem
449 4035 736 4134 relationemque
760 4036 1015 4134 martyriorum
1042 4036 1171 4110 horum
1193 4061 1300 4109 nemo
1325 4036 1443 4108 adhuc
1468 4048 1593 4109 exacte
1619 4034 1741 4133 inqui-

150 4168 246 4253 sivit,
278 4192 389 4264 quare
414 4167 511 4240 haud
538 4167 670 4240 mirum
694 4169 885 4266 opiniones
911 4169 1023 4242 salsas
1054 4168 1121 4242 hac
1147 4169 1191 4242 de
1216 4195 1253 4241 re
1285 4168 1522 4243 circumferri.
1547 4168 1741 4240 Assemani

149 4299 328 4373 eiusmodi
344 4300 534 4399 proposuit
549 4299 593 4372 de
610 4325 647 4373 re
669 4301 739 4373 ista
757 4301 954 4374 iudicium³
975 4329 982 4372 :

224 4436 263 4504 lc
283 4445 396 4540 cutem
419 4436 533 4505 oneris
551 4437 694 4530 (scilicet
712 4437 871 4506 editionis
894 4437 1137 4518 instituendae)
1160 4462 1201 4507 ne
1226 4439 1419 4508 inconsulto
1439 4438 1614 4506 nobismet
1639 4438 1742 4528 impo-

152 4590 319 4650 neremus,
348 4569 409 4638 diu
438 4571 651 4662 multumque
682 4570 953 4653 deliberavimus,
979 4571 1116 4640 catinam
1138 4571 1355 4663 potissimum
1385 4594 1430 4640 car
1456 4569 1658 4654 innumeris,
1685 4569 1743 4661 qui

159 4697 388 4786 offerebantur·
414 4698 582 4768 corticibus
612 4721 748 4789 operam
775 4698 1053 4789 impe-oderemus.
1081 4701 1127 4770 Re
1156 4711 1287 4769 mature
1308 4721 1477 4791 perpensa
1498 4699 1582 4768 dacos
1608 4698 1742 4767 tandem

152 4831 340 4899 lt'itriecces
360 4830 505 4914 codices,
537 4832 628 4900 iuter
650 4834 826 4901 Voticoaos
854 4833 1012 4923 Syriacos
1037 4857 1132 4902 rrum.
1155 4837 1173 4902 l
1198 4844 1229 4902 ct
1246 4837 1282 4902 ll
1301 4843 1440 4914 rectator,
1461 4831 1660 4913 chaldaicis,
1686 4853 1742 4900 scu

152 4959 370 5049 Ettronyeiis
387 4969 426 5027 ut
447 4970 577 5043 cocant,
605 4959 664 5028 iroc
691 4970 739 5029 cst
758 4967 965 5055 στρογγήλοις,
987 4963 1057 5030 rive
1083 4962 1238 5031 rotundis
1260 4960 1559 5052 vetustissimicque
1580 4961 1743 5052 Syrorum

154 5091 405 5160 characteribus
436 5103 608 5174 coarctor,
642 5093 837 5184 deleyimrm,
869 5096 929 5185 qui
958 5118 1072 5165 rerum
1105 5095 1350 5188 descripta-rum
1386 5095 1533 5164 uocitata
1567 5093 1747 5165 utilissimi

212 5395 220 5432 ⁴
240 5394 287 5458 St.
304 5394 339 5456 Ε.
355 5395 535 5472 Assemani‚
552 5420 604 5480 op.
622 5400 688 5474 cit,
703 5407 725 5461 t.
745 5398 767 5472 l,
784 5419 816 5479 p.
835 5405 881 5462 10.

211 5501 323 5563 ²lt1'd.
338 5511 362 5564 t.
377 5500 417 5576 ll,
434 5524 465 5585 p.
486 5509 553 5567 131.

210 5608 222 5645 ³
239 5607 341 5671 Praei.
358 5629 444 5692 gen,
460 5630 492 5692 p.
510 5631 617 5673 xxxvi.
