3884 6316
715 400 958 467 PRAEFATIO
1571 413 1647 470 1066

129 563 317 636 Sententia
340 564 500 637 auctoris
527 563 624 636 circa
650 590 804 664 regnum
824 564 1084 639 Messianieum
1107 566 1288 665 finemque
1317 568 1454 641 saeculi
1474 581 1647 641 accurate

53 696 197 768 deliniri
222 722 294 770 non
319 709 452 795 potest.
481 697 631 770 Duobus
656 696 747 771 loeis
774 698 947 771 Messiam
976 721 1103 796 regem
1125 713 1335 773 terrestrem
1361 725 1443 773 esse
1470 701 1646 799 supponit

53 858 173 915 xxxix,
195 832 211 901 l
230 856 332 930 seqq.
350 835 399 903 lb.
418 832 488 919 7,8
505 830 610 904 aliter
624 858 749 916 nxvrn,
768 832 789 903 3
806 857 925 931 seqq,
943 833 1006 906 ubi
1021 833 1066 907 de
1082 833 1303 906 Messianioo
1319 858 1434 933 regno
1453 834 1503 906 ita
1521 835 1646 932 loqui-

54 975 127 1049 tur,
145 989 187 1036 ac
207 964 239 1036 si
264 964 301 1037 id
325 963 470 1037 initium
492 976 591 1037 esset
613 965 750 1037 saeculi
771 965 868 1050 novi,
899 966 996 1064 quod
1019 966 1146 1064 incipit
1168 991 1190 1037 a
1216 967 1350 1040 iudicio
1380 967 1580 1040 universali
1611 981 1648 1040 et

55 1110 281 1170 mortuorum
310 1098 590 1183 resurrectione,
613 1099 698 1172 dum
725 1099 868 1171 duobus
899 1099 990 1174 locis
1016 1099 1199 1197 prioribus
1230 1100 1404 1172 iudicium
1437 1100 1644 1173 universale

55 1231 201 1303 demum
225 1243 308 1330 post
326 1233 524 1305 adventurn
550 1233 708 1305 Messiae
728 1246 941 1306 eventurum
964 1258 1046 1306 esse
1069 1232 1276 1331 pollicetur.

129 1365 336 1437 Adventum
358 1366 515 1439 Messiae
534 1367 755 1465 praecedent
779 1367 912 1465 plagae
934 1391 1103 1466 magnae,
1120 1391 1212 1465 quas
1240 1379 1340 1439 totus
1366 1366 1465 1439 orbis
1490 1392 1643 1465 percep·

55 1512 160 1570 turus
178 1511 234 1571 est
248 1500 359 1596 (xxix,
384 1500 433 1596 l.)
452 1499 588 1573 Messio
606 1499 776 1572 veniente
797 1499 1017 1572 revelabitur
1039 1500 1240 1573 Bebemoth
1265 1513 1301 1573 et
1319 1500 1532 1585 Leviathan,
1551 1500 1644 1574 duae

55 1632 194 1705 bestiae
222 1657 407 1716 enormes,
432 1657 523 1731 quas
552 1635 652 1705 Deus
678 1631 786 1704 iustis
814 1632 851 1703 in
877 1657 999 1705 escam
1023 1633 1264 1731 praeparavit.
1292 1634 1388 1707 Vitis
1416 1646 1453 1706 et
1483 1634 1645 1706 triticum

55 1767 194 1838 fruetus
218 1765 356 1838 dabunt
376 1766 487 1839 mirae
507 1766 737 1865 quantitatis,
756 1791 817 1838 ros
833 1766 1002 1838 sanitatis
1020 1767 1065 1839 de
1086 1766 1187 1839 eaelo
1207 1767 1406 1840 descendet
1421 1772 1529 1861 (xxix,
1548 1769 1639 1863 aa).

58 1902 189 1972 Postea
207 1900 362 1972 Messias
377 1925 459 1971 eum
481 1899 600 1998 gloria
622 1912 830 1973 assumetur
851 1912 888 1972 et
909 1900 1042 1973 mortui
1064 1914 1283 1999 resurgent:
1303 1900 1389 1972 iusti
1412 1900 1639 1999 gaudebunt,

56 2032 158 2132 impii
173 2034 363 2106 tabescent
380 2033 475 2129 (xxx,
498 2034 587 2129 l-b.)

133 2166 273 2240 Similia
297 2179 420 2238 narrat
448 2167 595 2265 quando
623 2167 801 2240 visionem
829 2167 873 2241 de
897 2166 962 2239 viti
987 2179 1023 2239 et
1050 2165 1140 2239 silva
1166 2181 1202 2240 et
1231 2168 1329 2240 fonte
1355 2167 1616 2264 interpretatur
1638 2194 1645 2236 :

58 2300 245 2372 destructo
267 2325 382 2399 regno
397 2313 527 2398 quarto
540 2303 618 2373 Deo
634 2300 781 2373 inimico
801 2299 1020 2374 revelabitur
1039 2300 1267 2398 principatus
1284 2300 1443 2373 Messiae
1462 2305 1596 2394 (xxxix,
1616 2301 1649 2395 7)

56 2432 206 2506 ultimus
228 2446 349 2507 autem
364 2433 487 2533 gentis
509 2433 609 2507 illius
629 2434 702 2506 dux
721 2434 947 2532 relinquetur
967 2434 1085 2519 vivus,
1104 2459 1211 2533 quem
1233 2434 1390 2507 Messias
1412 2446 1544 2533 arguet
1567 2458 1647 2506 om-

57 2565 158 2637 nium
188 2567 414 2664 impietatum
441 2581 605 2640 atreum
635 2567 761 2640 mortis
790 2567 1062 2652 condemnabit,
1090 2566 1316 2665 principatus
1343 2579 1466 2639 autem
1500 2566 1578 2639 eius
1613 2565 1651 2637 in

58 2700 244 2771 saeculum
276 2700 404 2786 stabit,
431 2701 547 2775 donec
579 2713 850 2774 consummetur
884 2701 1041 2773 mundus
1075 2701 1319 2798 corruptionis
1351 2704 1425 2793 (xe,
1460 2700 1554 2796 1-4.)
1582 2699 1647 2770 His

58 2832 173 2931 igitur
201 2834 292 2906 locis
319 2834 545 2932 principatus
574 2834 730 2908 Messias
756 2848 942 2933 tamqnam
966 2858 1120 2932 regnum
1148 2833 1295 2932 tyranni
1321 2831 1507 2906 terrestris
1538 2831 1647 2904 modo

58 2990 184 3039 crasso
215 2968 448 3067 sensualique
480 2968 729 3040 chiliastarum
765 2967 996 3041 describitur.
1025 2966 1119 3053 Aliis
1151 2967 1282 3040 iterum
1316 2967 1408 3039 locis
1442 2978 1570 3038 auctor
1600 2964 1653 3038 ita

57 3098 231 3197 loquitur,
250 3127 292 3175 ac
312 3101 344 3173 si
360 3125 514 3201 regnum
536 3101 795 3174 Messianieum
815 3101 960 3174 demum
980 3100 1026 3172 ad
1041 3099 1185 3173 initium
1203 3099 1341 3173 saeculi
1369 3100 1471 3183 novi,
1490 3099 1559 3172 hoc
1579 3111 1650 3184 est,

56 3246 141 3332 post
166 3235 469 3308 resurrectionem
494 3247 530 3307 et
552 3233 726 3307 iudicium
750 3234 956 3308 universale
979 3233 1191 3307 collocaret.

109 5748 177 5781 PATR.
190 5748 241 5780 sta.
255 5760 280 5769 -
295 5749 315 5781 P.
329 5749 344 5780 1.
357 5748 378 5780 Τ.
393 5748 416 5780 u.
