3884 6316
34 1066 48 1093 ⁴
64 1064 85 1113 Β

5 1134 40 1185 ol.
56 1137 84 1184 37
101 1144 127 1183 υ·

27 4455 80 4505 ’Β

156 387 234 445 1375
518 374 868 444 APOTELESMATA
889 374 1120 441 APOLLONII
1143 373 1394 440 TYANENSIS.

232 543 297 614 III.
323 545 428 613 '’Aat
447 555 506 624 τῆς
524 549 565 641 ιγ’
588 556 642 614 τοῦ
664 546 809 637 Μαρτίου
828 543 919 637 μηνὸς
939 549 1029 637 μέχρι
1046 549 1100 611 καὶ
1121 553 1180 623 τῆς
1200 538 1243 637 ιγ’
1266 553 1321 610 τοῦ
1343 542 1467 610 Ἰουνίου
1485 548 1616 636 λέγεται
1638 541 1747 635 ”Εοιρ’,

152 674 266 749 οὗτινος
279 663 395 757 ζῴδιοί3
412 667 506 736 εἰσιν*
528 680 634 737 ταῦτα
736 667 830 736 ἅτινα
844 667 898 736 καὶ
912 667 1036 758 οὕτως“
1057 674 1219 760 ρωμοιϊκῶς
1243 662 1464 760 ὂυομοθζοντουἵ
1485 667 1596 759 Κριὸς,
1615 668 1745 760 Ταῦρος,

154 789 288 887 Δίδυμος
299 794 325 864 ⁸.
347 788 556 886 Ὀυομοὶζετοιι
570 786 606 860 δὲ
624 793 710 872 οὗτος
728 799 744 860 ὁ
759 793 871 886 καιρός·
894 786 1145 887 Ἰλεκεὸρουθίν”.

233 920 314 987 Ἀπὸ
336 929 394 998 τῆς
417 923 459 1013 ιγ’
485 928 539 986 τοῦ
573 918 695 986 Ἰουνίου
722 924 815 1009 μηνὸς
846 916 938 996 ἔοικ’0
967 926 1023 996 τῆς
1048 912 1090 1010 ιγ’
1116 925 1170 984 τοῦ
1195 912 1460 1011 ΣεπτεμῧρίουΗ,
1483 921 1611 1009 λέγεται
1643 916 1745 1009 Θέρος,

154 1048 271 1122 οὔτινος
293 1037 390 1127 ζῴδιά
410 1042 422 1066 *
444 1039 538 1110 οἶσθ’
562 1051 679 1112 ταῦτα·
705 1041 873 1136 Καρκίνος,
895 1042 997 1127 Λέων,
1019 1039 1229 1135 Παρθέυοςη,
1250 1036 1434 1135 ὀνομάζεται
1457 1033 1494 1107 δὲ
1514 1040 1635 1118 οὖτοςὸ
1655 1042 1747 1133 καιρὸς
1780 1066 1791 1115 5

131 1167 339 1262 ΙΛιουροίυ“.

232 1293 313 1361 Ἀπὸ
343 1285 377 1361 δὲ
409 1303 467 1371 τῆς
499 1295 540 1386 ιγ’
572 1301 627 1359 τοῦ
656 1285 867 1384 Σεπτεμὸρίου
901 1295 990 1384 μέχρι
1019 1286 1058 1384 ιγ’
1090 1316 1145 1358 του
1173 1285 1370 1383 Δεκεμὸρίου·
1398 1291 1604 1384 Μετόπωρον,
1640 1294 1746 1367 οὔτινος
1771 1316 1773 1320 ⁴

151 1411 250 1504 ζῴδιά
268 1422 322 1484 εἱσι
343 1426 457 1485 ταῦτα·
475 1415 584 1510 Ζυγός,
601 1416 763 1509 Σκορπίος,
780 1409 918 1492 Τοξότης
931 1413 970 1478 ⁴³.
990 1409 1199 1508 Ὀυομάζοτοιι
1213 1407 1248 1483 δὲ
1262 1421 1278 1483 ὁ
1291 1417 1391 1508 καιρὸς
1409 1414 1495 1493 οὗτος
1510 1409 1744 1507 Ἀμ61η61ρ“.

151 1677 209 1733 trab
224 1671 268 1731 καὶ
284 1672 403 1751 ἀγγέλων
418 1669 585 1751 ἁρμοζούσας
603 1668 708 1750 inuicto>
725 1671 822 1751 καιρῷ,
834 1667 903 1730 οὕτω
917 1667 968 1749 γὰρ
983 1667 1093 1751 εὗτὶχυος
1103 1668 1254 1747 γενήσεται,
1270 1669 1317 1728 καὶ
1331 1667 1486 1748 ἐξηγήσεται
1500 1669 1591 1729 πάντα
1606 1669 1672 1750 ἔργα
1685 1674 1745 1730 1ου-

150 1777 250 1855 peuri,
264 1781 311 1850 τῆς
325 1778 437 1851 σελήνης
450 1775 735 1857 καλοσρηματιζούυης
749 1775 814 1856 πρὸς
827 1774 887 1843 τοὺς
899 1774 1023 1858 ἀστέρας.
1768 1793 1791 1843 10

210 1883 343 1944 Initium
360 1882 631 1965 apotelesmatum
645 1879 821 1965 Apollonii
830 1881 1063 1944 mathematici.
1078 1916 1118 1929 -
1129 1879 1295 1944 Recedere
1313 1878 1407 1944 debet
1427 1880 1470 1942 ab
1484 1882 1682 1943 omnimala
1696 1905 1746 1943 ac·

151 1992 237 2052 tione
252 1989 308 2051 ille
323 1991 382 2070 qui
395 1989 464 2051 cult
481 1991 656 2050 incantare
675 1989 786 2050 omnia
802 2000 834 2050 et
852 1990 990 2071 operari
1000 1987 1170 2072 prodigia,
1187 1990 1389 2070 praesertim
1404 2000 1513 2050 nutem
1529 2010 1552 2048 a
1574 2008 1744 2051 conversa-

151 2100 238 2159 tione
251 2096 447 2172 mulierum;
460 2098 507 2158 ait·
523 2097 643 2176 forsan
658 2096 731 2176 quis
746 2094 889 2157 adducet
904 2114 1017 2156 omnes
1037 2107 1211 2156 creaturas
1225 2093 1285 2154 sub
1304 2092 1508 2156 educationis
1523 2097 1649 2177 iugum.
1668 2095 1745 2173 (lita

151 2203 243 2265 debet
263 2220 340 2286 ergo
360 2205 516 2285 proferre
537 2201 776 2283 appellationes
798 2199 862 2263 Dei
881 2211 914 2262 et
937 2200 1130 2283 angelorum
1151 2202 1254 2263 cuivis
1279 2203 1420 2283 tempori
1441 2201 1689 2283 respondentes,
1704 2205 1744 2263 itu

149 2311 235 2370 enim
251 2305 450 2371 exaudietur·
464 2318 496 2369 et
510 2308 621 2369 omnia
639 2328 743 2390 opera
757 2307 926 2368 mirabilia
942 2307 1123 2384 enarrabit,
1140 2327 1213 2369 cunt
1231 2308 1312 2369 luna
1333 2310 1376 2387 (in
1392 2308 1497 2388 coelo)
1513 2317 1628 2389 aptam
1646 2308 1746 2370 locuni
1769 2323 1792 2373 15

149 2415 332 2498 occupabit.

208 2520 263 2582 Ill.
282 2519 379 2598 ABD]
399 2527 426 2584 1.
444 2520 470 2581 B
492 2519 566 2582 add.
582 2521 641 2600 inp.
662 2555 703 2568 -
716 2526 746 2582 2.
765 2520 819 2582 Sic
834 2520 872 2582 B.
890 2519 990 2599 Κοιρὸς
1007 2511 1052 2581 οὖν
1069 2524 1173 2602 πρῶτος
1186 2521 1244 2582 tat
1257 2523 1287 2580 τὸ
1299 2521 1348 2602 Καρ
1363 2517 1433 2583 ΑΙ).
1447 2555 1487 2568 -
1501 2527 1531 2584 3.
1548 2521 1644 2594 ζόδηου
1659 2521 1697 2583 B.
1713 2558 1749 2568 —-

148 2632 178 2689 1.
192 2628 252 2701 nult
269 2627 305 2688 B.
318 2664 357 2672 —
368 2634 397 2689 5.
413 2627 461 2687 καὶ
474 2626 508 2688 τὰ
521 2628 603 2698 tonia
616 2632 702 2688 ταῦτα
717 2623 786 2689 ΑΒ.
803 2625 890 2689 ΑΒΙ)
903 2626 1024 2689 habent
1038 2625 1091 2690 hic
1105 2627 1202 2710 signa
1216 2626 1413 2711 astrologica
1425 2627 1596 2712 signorum
1609 2627 1747 2691 Zodiaci.

148 2771 187 2780 -
202 2741 231 2797 6.
248 2734 322 2802 οὗτος
336 2733 375 2796 Β.
390 2768 429 2779 -
447 2738 476 2796 7.
499 2734 675 2813 ὄνομάσουται
691 2733 728 2794 Β.
742 2767 782 2781 -
796 2738 827 2795 8.
846 2732 904 2795 ΑΙ)
923 2753 987 2795 om.
1002 2732 1080 2794 ὅτινα
1095 2742 1156 2796 ete.
1172 2769 1213 2782 -
1225 2740 1255 2795 9.
1274 2734 1302 2802 ὃς
1313 2734 1471 2813 ὀνομάζεται
1491 2724 1608 2805 Πηρώ
1626 2730 1698 2798 ΑΙ).
1714 2771 1751 2780 -

151 2846 197 2903 10.
219 2840 259 2909 ἑός
279 2841 316 2902 Β.
337 2876 377 2886 -
400 2845 448 2902 11.
470 2839 634 2920 Σεπτιὸρίου
649 2840 687 2902 Β.
713 2876 753 2885 -
778 2845 826 2901 12.
851 2840 898 2913 tul
919 2840 957 2901 Β.
974 2876 1014 2886 --
1035 2844 1083 2902 13.
1101 2838 1185 2903 Loco
1209 2840 1386 2916 nominum,
1401 2836 1488 2902 ABD
1511 2839 1635 2903 habent
1658 2842 1751 2924 signa
1774 2857 1800 2905 tu

148 2946 346 3029 astrologica
364 2952 487 3010 tantum
512 2946 564 3009 bic
583 2955 615 3010 ct
636 2945 729 3008 inira.
753 2951 857 3009 -14,
875 2946 932 3009 ΑΙ)
948 2942 1067 3009 habent
1089 2955 1215 3010 tantum
1232 2968 1240 3009 ε
1258 2949 1357 3028 Καυρὸς
1371 2947 1398 3008 il
1413 2947 1533 3029 δεύτερος
1550 2947 1583 3008 τὸ
1597 2949 1671 3028 θέρος
1688 2948 1750 3029 (bie

149 3054 253 3138 Signa)
274 3053 301 3122 ὅ(
323 3054 444 3114 καλεῖται
469 3043 599 3127 mittbt.
619 3088 658 3099 -
681 3059 729 3115 15.
755 3052 808 3114 Sic
831 3052 868 3114 B.
893 3054 993 3134 Κουρος
1013 3053 1099 3134 τρίτος
1123 3054 1153 3114 τὸ
1181 3055 1333 3136 μετόπωρον
1357 3053 1421 3135 (hic
1446 3053 1551 3137 signa)
1576 3054 1605 3124 ὃς
1630 3057 1753 3116 καλεῖται

148 3150 311 3232 unasub-nnn
327 3162 378 3242 (-
389 3175 449 3233 nan
463 3159 502 3240 D)
518 3158 589 3223 ΑΙ).

150 3576 213 3647 illa
234 3575 381 3648 nomina
401 3576 547 3673 quando
572 3576 659 3648 luna
678 3576 771 3649 bene
792 3587 848 3649 est
868 3575 1062 3673 disposita,
1087 3599 1171 3647 nam
1193 3588 1322 3649 contra
1341 3586 1441 3647 astra
1461 3574 1559 3647 circa
1582 3586 1755 3676 tetrago-

149 3725 236 3772 num
259 3711 296 3773 et
317 3699 551 3797 hexagonum
570 3699 692 3798 positu
711 3698 890 3798 propitios
914 3698 1063 3772 nomina
1086 3724 1160 3773 non
1180 3699 1341 3772 efficiunt
1365 3702 1574 3772 numeros¹.

223 3933 287 4003 111.
315 3933 342 4003 E
364 3929 506 4004 decimo
529 3929 662 4003 terti0²
678 3929 801 4003 Martii
821 3929 959 4003 mensis
975 3954 1092 4028 usque
1108 3929 1154 4002 ad
1170 3928 1352 4002 decimum
1370 3929 1520 4002 tertium
1538 3930 1643 4003 iunii
1660 3930 1758 4004 dici-

147 4068 208 4128 tur
235 4061 312 4154 Ἔαρ
336 4057 449 4149 (Ver),
472 4055 577 4127 cuius
601 4053 900 4129 constellationes
925 4053 1065 4127 zodiaci
1093 4058 1251 4127 sunt...³
1273 4065 1309 4126 et
1332 4053 1568 4127 nominantur
1589 4067 1757 4130 romaice

149 4183 257 4263 Aries,
282 4186 426 4261 Tauron,
452 4181 598 4254 Gemini.
617 4178 834 4252 Nominatur
854 4190 977 4251 autem
996 4191 1142 4276 tempus
1161 4177 1253 4250 illud
1272 4180 1537 4251 llebebroutltin.

225 4306 253 4376 E
280 4303 422 4377 decimo
449 4303 558 4376 tertio
584 4302 682 4375 Junii
712 4302 851 4375 mensis
883 4302 929 4374 ad
961 4302 1144 4375 decimum
1172 4301 1321 4375 tertium
1354 4301 1580 4400 Septembris
1615 4303 1758 4379 dicitur

151 4435 246 4527 Θέρος
258 4429 423 4522 (AEstas)‚
440 4426 545 4500 cuius
561 4426 886 4501 constellationes*
901 4424 1050 4500 Zodiaci
1066 4429 1175 4498 sunt³
1193 4428 1345 4513 Cancer,
1363 4428 1453 4515 Leo,
1468 4426 1601 4526 Virgo.
1621 4430 1758 4503 Nomi-

150 4566 258 4625 natur
279 4565 401 4625 autem
421 4565 565 4650 tempus
586 4550 676 4623 illud
694 4554 862 4625 Lionrnu.

227 4679 253 4749 E
276 4677 418 4749 decimo
438 4675 547 4748 tertio
569 4674 795 4774 Septembris
814 4674 860 4747 ad
880 4673 1063 4748 decimum
1082 4674 1231 4748 tertium
1251 4674 1464 4748 Decembris
1483 4674 1621 4748 dicitur
1643 4683 1758 4751 Μιτό·

149 4833 246 4901 πωρον
269 4803 517 4893 (Autumnus),
542 4798 647 4871 cuius
671 4798 973 4872 constellationes
998 4798 1146 4872 Zodiaci
1171 4810 1256 4871 sunt
1278 4798 1401 4886 Libra,
1426 4798 1616 4898 Scorpius,
1644 4804 1760 4876 Arci·
1802 4838 1804 4847 ¹

150 4939 295 4999 tenens.
320 4925 537 4998 Nominatur
556 4936 678 4996 autem
698 4936 842 5023 tempus
863 4922 953 4995 illud
972 4926 1157 4994 Anrblebcr.

213 5162 240 5217 1.
265 5155 289 5218 F
292 5153 418 5216 ormula
438 5152 547 5215 forsan
567 5152 783 5237 Pythagorea.
804 5152 886 5215 Nam
907 5152 1120 5237 Pythagoras,
1138 5151 1179 5216 ad
1196 5153 1289 5237 cujus
1308 5161 1429 5217 sectam
1448 5152 1636 5237 pertinebat
1653 5155 1761 5242 Apol-

150 5261 269 5335 lonius,
287 5281 326 5322 ex
338 5259 483 5323 numeris
499 5267 531 5322 et
545 5259 846 5322 mathematicorum
860 5258 960 5322 initiis
972 5259 1079 5322 omnia
1091 5258 1252 5343 proficisci
1266 5258 1406 5322 volebat.

208 5373 237 5431 2.
262 5366 371 5449 Lege:
389 5392 403 5423 n
420 5386 437 5428 e
454 5366 612 5450 vigesimo
632 5366 737 5449 primo
755 5394 781 5427 υ.
801 5365 898 5427 Error
916 5365 970 5429 illc
989 5366 1021 5427 in
1043 5365 1153 5429 codice
1175 5364 1201 5428 B
1221 5365 1290 5428 solo
1310 5364 1472 5428 invenitur
1490 5375 1523 5430 et
1543 5366 1682 5436 additus
1710 5382 1763 5439 est

150 5474 260 5536 forsan
274 5471 360 5536 circa
376 5492 495 5534 annum
511 5477 589 5535 1300
604 5473 732 5555 quando
747 5472 984 5555 aequinoctium
998 5471 1030 5533 in
1045 5470 1169 5536 decimo
1186 5472 1280 5537 tertio
1297 5471 1406 5536 Martii
1420 5471 1596 5542 inuidebat.

209 5586 238 5641 3.
264 5578 322 5641 Hic
338 5578 433 5663 sigua
448 5577 575 5640 aliunde
591 5588 676 5640 notu.
