3878 6316
129 364 188 421 690
670 351 913 418 PRAEFATIO
937 351 1138 419 -CAPUT
1162 353 1216 415 lll.

130 547 187 631 tit,
209 544 398 619 sedetiam
416 543 454 616 in
474 542 657 641 aliquibus
678 541 844 641 partibus
867 541 1073 628 rhetoricis,
1093 541 1308 629 sententias,
1327 541 1604 614 exhortationes
1626 554 1732 638 atquc

132 679 260 752 laudes
294 682 332 750 S.
361 675 542 750 Simeonis
571 674 841 750 exhibentibus.
868 677 946 764 MS,
970 675 1066 748 haud
1098 699 1180 747 raro
1204 674 1382 748 lectiones
1406 674 1599 760 meliores,
1626 698 1731 771 quam

134 815 208 900 MS,
230 809 389 896 exhibet,
413 810 510 907 quod
527 808 610 882 hinc
626 807 710 880 inde
722 809 827 906 juxta
843 811 920 894 MS,
939 808 1162 881 correximus
1176 811 1200 879 ⁴.

207 943 335 1017 Exitus
355 941 470 1042 igitur
495 939 767 1040 disquisitionis
786 966 858 1039 qua
878 940 1099 1014 describitur
1122 953 1248 1014 mutua
1267 942 1396 1015 relatio
1422 943 1496 1028 MS,
1521 953 1557 1013 et
1580 942 1660 1027 MS,
1676 938 1730 1010 his

130 1076 273 1150 deliniri
286 1051 419 1174 'potest
436 1103 443 1147 :

210 1283 241 1352 l.
268 1282 342 1367 MS,
364 1291 505 1378 partem
529 1303 611 1351 esse
639 1276 867 1351 collectionis
887 1277 1146 1375 martyriorum
1171 1303 1192 1350 a
1216 1278 1294 1351 uiro
1316 1278 1472 1376 quodam
1495 1278 1626 1375 ignoto
1645 1289 1727 1348 anic

137 1438 170 1486 a.
194 1413 265 1486 407
282 1425 464 1485 exaratae.

206 1618 242 1687 2.
263 1620 338 1704 MS,
353 1628 436 1714 post
456 1640 590 1687 annum
605 1615 676 1686 428
690 1614 878 1687 redactum
892 1639 974 1687 esse
989 1614 1227 1712 probabiliter
1242 1615 1389 1688 saeculo
1404 1617 1438 1687 V
1453 1629 1625 1689 exeunte.

208 1822 242 1891 3.
264 1823 339 1906 MS,
358 1818 404 1891 ab
419 1822 493 1906 MS,
509 1819 668 1917 pendere
684 1831 721 1891 et
734 1818 849 1891 multa
864 1843 883 1891 e
899 1817 1074 1916 martyrio
1092 1819 1297 1916 antiquiore
1318 1818 1538 1916 excerpisse.

209 2025 274 2096 His
298 2023 498 2122 propositis
528 2033 565 2095 et
601 2022 778 2095 relatione
809 2035 936 2094 mutua
963 2023 1221 2122 martyriorum
1247 2026 1284 2096 S.
1312 2022 1493 2095 Simeonis
1520 2035 1661 2096 statuta
1687 2024 1731 2096 ad

135 2158 250 2255 ipsam
278 2154 571 2254 persecutionem
597 2181 619 2227 a
644 2158 781 2254 Sapore
817 2153 1011 2228 excitatam
1049 2155 1303 2254 inquirendam
1336 2156 1557 2229 accedimus.
1597 2159 1730 2231 Fontes

133 2293 290 2362 Graecos
306 2288 425 2362 obiter
443 2300 586 2361 tantum
602 2288 807 2387 tetigimus,
832 2291 1057 2361 Sozomenus
1078 2288 1228 2360 enimin
1248 2289 1273 2360 l.
1290 2290 1339 2375 ll,
1357 2315 1388 2361 c.
1409 2290 1432 2360 9
1448 2288 1625 2362 historiae
1645 2315 1729 2363 suae

133 2422 253 2494 nullos
267 2421 359 2495 alios
380 2421 498 2494 lontes
521 2434 667 2519 praeter
686 2445 856 2520 graecam
884 2420 1152 2494 traductionem
1175 2424 1249 2509 MS,
1270 2421 1443 2494 historiae
1463 2422 1729 2521 persecutionis

132 2554 423 2628 Christianorum
442 2578 633 2653 persarum
648 2553 794 2626 novisse
813 2552 972 2640 videtur,
995 2553 1094 2651 quod
1110 2579 1237 2626 verum
1257 2567 1314 2627 est
1339 2555 1447 2626 etiam
1472 2555 1516 2628 de
1532 2555 1727 2628 enarratio·

132 2688 239 2760 nibus
255 2687 531 2786 synaxariorum
547 2699 583 2759 et
599 2685 904 2784 menologiorum.

757 3199 899 3250 CAPUT
924 3199 1114 3251 TERTIUM

567 3396 633 3473 DE
665 3395 1051 3474 PERSECUTIONE
1084 3396 1297 3476 SAPORlS

131 3658 153 3704 i.
167 3655 300 3705 Notiones
322 3651 464 3718 generales
486 3652 520 3702 de
542 3665 627 3703 eausa
645 3654 853 3716 persecutionis.
871 3679 902 3689 -
921 3655 944 3702 2.
966 3653 1084 3703 Infantia
1105 3652 1231 3718 Saporis.
1249 3659 1315 3704 -3.
1330 3653 1369 3704 Dc
1393 3653 1487 3718 Ephra
1509 3654 1621 3705 Hormiz
1643 3659 1730 3706 maire

192 3736 262 3784 eius.
278 3761 308 3770 -
323 3738 346 3783 t.
367 3732 526 3783 Sententiae
545 3731 714 3783 eruditorum
734 3732 768 3782 de
788 3735 914 3797 ternpore
937 3746 993 3796 quo
1013 3734 1168 3797 persecutio
1189 3737 1251 3785 orta
1268 3734 1313 3784 sit.
1327 3761 1359 3771 -
1378 3740 1401 3784 5.
1420 3735 1541 3785 Notitiae
1561 3733 1731 3798 chronologi·

193 3827 242 3864 cae
265 3825 379 3877 operum
399 3811 559 3877 aphraatis.
580 3840 611 3848 —
630 3815 653 3862 7.
682 3813 796 3862 Errores
819 3812 1005 3876 chronologici
1024 3814 1156 3863 Actorum
1177 3816 1354 3877 syriacorum.
1371 3841 1402 3851 -
1416 3818 1439 3863 8.
1460 3814 1539 3866 Aliae
1559 3814 1729 3866 diiiereniiae

194 3895 337 3958 utriusque
352 3891 472 3957 Martyrii
488 3891 516 3943 S.
532 3891 679 3944 Simeonis.
694 3897 758 3940 -9,
776 3891 970 3942 Summanum.
983 3917 1013 3928 -
1028 3895 1070 3942 itt.
1088 3894 1165 3942 Amri
1180 3893 1278 3944 relatio
1294 3892 1328 3944 dc
1345 3895 1473 3957 martyrio
1487 3892 1514 3943 S.
1530 3894 1679 3946 Simeonis.

106 4140 108 4144 ⁴
208 4109 238 4179 l.
260 4107 362 4179 Sicut
377 4106 495 4205 origo,
514 4105 567 4177 sic
587 4105 697 4177 etiarn
715 4105 933 4204 propagatio
953 4105 1145 4205 religionis
1161 4106 1296 4179 Christi
1313 4107 1350 4178 in
1367 4108 1517 4181 Perside
1531 4133 1642 4182 caeca
1655 4136 1729 4183 om·

132 4241 218 4313 nino
234 4240 394 4338 caligine
414 4238 586 4312 obvoluta
608 4251 681 4324 est3
699 4238 855 4337 proinde
872 4239 1034 4311 conditio
1055 4239 1164 4312 etiam
1185 4252 1374 4337 statusque
1391 4240 1539 4314 socialis
1555 4254 1589 4318 et
1606 4243 1730 4341 politi·

132 4399 196 4446 cus
226 4372 509 4446 christianorum
540 4384 704 4469 ternpore
742 4371 892 4468 antiquo
928 4372 1074 4445 omnino
1104 4372 1255 4470 ignotus
1286 4387 1354 4446 cst.
1385 4374 1579 4473 Religione
1609 4390 1729 4450 autem

130 4507 330 4579 christiana
345 4505 482 4579 sensim
497 4504 576 4577 sine
602 4529 712 4577 sensu
739 4504 776 4576 in
798 4505 946 4578 Perside
965 4519 1167 4605 propagata
1184 4507 1381 4580 Christiani
1395 4507 1531 4581 ibidem
1551 4509 1730 4608 degentes

132 4665 221 4738 pace
238 4639 307 4711 lrui
327 4639 510 4724 videntur,
528 4637 573 4711 de
598 4636 917 4735 persecutionibus
943 4636 1073 4711 saliem
1100 4639 1191 4711 nihil
1211 4652 1368 4727 constat,
1390 4641 1486 4738 quod
1511 4665 1579 4714 nec
1599 4642 1729 4717 mirum

132 4786 200 4845 cst.
222 4774 313 4846 Cum
328 4771 426 4844 enim
443 4770 642 4843 Christiani
659 4770 791 4868 inipso
812 4770 964 4869 imperio
986 4775 1148 4845 llomano
1169 4773 1421 4846 crudelissime
1437 4774 1483 4846 ad
1499 4799 1627 4849 necem
1646 4802 1727 4851 con·

131 4905 256 5002 quisiii
281 4916 419 4989 essent,
441 4908 574 4977 Persae
597 4902 814 5001 religionem
840 4903 933 4976 hanc
957 4904 1035 4978 sine
1058 4905 1222 5003 periculo
1247 4932 1313 5004 pro
1339 4933 1406 4980 sua
1424 4908 1573 5006 politica
1589 4909 1728 4985 ratione

131 5039 385 5111 considerasse
399 5037 584 5122 videniur,
604 5050 730 5134 utpote
750 5036 966 5135 religionem
991 5036 1037 5108 ab
1063 5040 1284 5112 adversariis
1300 5041 1378 5112 suis
1394 5040 1553 5139 politicis
1568 5044 1729 5142 proscri-

131 5186 243 5268 ptam.
272 5175 404 5244 Persae
426 5171 572 5268 quidcm
592 5196 681 5269 erga
705 5195 781 5255 cos,
806 5171 867 5266 qui
892 5171 1109 5270 religionem
1139 5173 1176 5244 in
1203 5174 1283 5272 ipsa
1304 5174 1456 5274 regione
1481 5175 1728 5251 dominantem

129 5319 356 5402 spreverunt,
375 5304 474 5377 haud
503 5304 609 5376 valde
637 5302 836 5375 tolerantes
856 5329 896 5377 se
923 5304 1161 5394 exhibebant,
1182 5320 1307 5380 noturn
1333 5320 1402 5394 est,
1430 5321 1612 5408 quantum
1639 5338 1726 5411 sup·

190 5506 199 5544 ⁴
218 5506 382 5587 Quasdam
403 5506 616 5570 correctiones
636 5506 771 5568 alicuius
791 5509 944 5571 momenti
961 5507 1032 5570 vido
1052 5531 1083 5570 n.
1105 5515 1144 5571 35
1161 5509 1232 5593 iis,
1252 5511 1282 5573 in
1303 5512 1446 5575 oratione
1467 5513 1500 5576 S.
1519 5513 1680 5578 Simeonis
1697 5515 1728 5577 in

131 5632 259 5676 carcerc
276 5614 394 5676 hahita.
