3878 6316
134 422 193 478 666
683 409 928 476 PRAEFATIO
950 450 989 458 —
1011 410 1152 475 CAPUT
1176 412 1199 474 1.

137 618 259 676 tamen
298 601 520 686 differentia,
554 602 651 699 quod
684 602 908 698 pseudoacta
943 601 1103 673 Nicaena
1136 601 1281 700 syriaca
1312 628 1385 674 non
1420 603 1464 675 de
1504 604 1735 678 ordinatione

132 735 385 834 metropolitae
422 734 671 818 SeleucensiS,
705 732 770 806 sed
800 733 845 806 de
879 733 1076 832 primatiali
1108 734 1274 806 eiusdem
1307 735 1490 833 dignitate
1519 737 1731 835 loquuntur.

134 883 243 968 atquc
272 868 317 940 de
343 867 421 939 iure
453 866 704 964 metropolitas
739 865 999 939 constituendi.
1030 870 1080 938 Re
1116 879 1235 939 tamen
1266 868 1472 940 accuratius
1501 870 1733 943 considerata

136 1001 340 1074 dilierentia
361 1025 458 1072 mere
480 1024 661 1098 apparens
682 1011 750 1071 666.
770 1001 860 1070 Amr
878 999 975 1071 enim
995 998 1214 1097 dignitatem
1225 1003 1462 1094 primatialem.
1479 1003 1732 1100 metropolitae

134 1134 365 1207 Seleucensis
399 1159 418 1206 e
451 1133 713 1206 constitutione
746 1131 950 1230 apostolica
990 1133 1140 1230 repetit,
1176 1132 1261 1204 hinc
1296 1133 1521 1232 impossihile
1555 1147 1614 1207 est
1656 1162 1732 1209 enm

134 1269 267 1340 referre
293 1267 591 1339 constitutionem
616 1266 723 1338 istam
745 1278 909 1363 ternpore
932 1264 1135 1363 posteriore
1159 1279 1277 1337 ortam
1300 1290 1397 1338 6666.
1423 1270 1596 1340 Ceterum
1626 1270 1733 1341 docu-

134 1412 296 1472 mentum
313 1399 357 1471 ah
375 1401 464 1471 Amr
480 1399 629 1472 citatum
645 1398 869 1496 pseudoacta
886 1398 1031 1497 syriaca
1048 1396 1208 1471 Nicaena
1223 1397 1281 1469 his
1297 1398 1434 1497 allegat
1448 1399 1572 1472 verbis
1593 1429 1601 1471 :
1623 1430 1641 1470 a
1660 1405 1732 1474 Hoc

137 1562 152 1601 a
183 1544 241 1605 est
269 1545 435 1604 nostrum
464 1531 653 1614 iudicium,
677 1530 859 1603 sententia
883 1541 919 1602 et
945 1530 1218 1628 heneplacitum
1243 1530 1288 1602 de
1315 1531 1543 1629 praefectura
1573 1536 1733 1632 supremi

139 1696 155 1735 u
185 1664 378 1763 praesulis,
396 1664 499 1736 66166
516 1677 573 1736 666
595 1664 702 1735 sedes
724 1663 912 1735 Seleuciae
931 1676 967 1735 66
984 1662 1223 1759 Ctesiphonte
1244 1663 1281 1734 in
1297 1664 1436 1736 ambitu
1455 1666 1625 1738 harchae
1647 1681 1684 1740 et
1699 1668 1733 1739 in

136 1826 153 1868 a
181 1810 301 1870 666666
321 1796 384 1868 ubi
407 1797 477 1869 sita
502 1796 673 1869 Modaina
696 1795 734 1867 in
757 1795 913 1868 ecclesia
938 1795 1080 1867 maiori.
1105 1795 1318 1867 Patriarcha
1338 1796 1461 1895 itaque
1481 1798 1656 1897 princeps
1681 1814 1734 1872 est

136 1960 152 1999 a
183 1929 437 2028 episcoporum
459 1929 621 2002 omnium
641 1928 792 2001 orientis
813 1939 848 2000 66
868 1927 1070 1999 adiacentis
1092 1928 1269 2027 regionis,
1291 1928 1399 2001 sodes
1425 1941 1547 2002 autem
1570 1931 1652 2004 eius
1672 1957 1735 2031 par

136 2093 152 2131 a
183 2063 351 2155 hahetur,
377 2087 472 2161 pone
496 2086 673 2155 sequens,
695 2074 851 2158 quatuor
875 2061 1040 2147 sedibus,
1065 2085 1219 2158 quarum
1242 2061 1360 2159 prima
1389 2061 1452 2133 illa
1472 2075 1529 2135 666
1555 2064 1733 2138 Matthaei

136 2227 152 2265 a
183 2196 446 2293 evangelistae,
467 2195 581 2267 altera
605 2194 718 2266 Marci
742 2193 880 2291 pariter
904 2193 1165 2292 evangelistae,
1187 2195 1296 2267 tertia
1318 2197 1437 2267 Lucae
1464 2196 1588 2268 eximii
1615 2197 1654 2269 in
1679 2198 1732 2270 hi-

137 2360 152 2396 «
183 2329 296 2402 storia
315 2328 461 2401 Domini
481 2328 598 2400 nostri
617 2327 697 2399 fuse
714 2325 920 2413 scribenda,
940 2339 1070 2425 quarta
1091 2327 1263 2398 lohannis
1284 2328 1453 2424 virginis,
1475 2330 1536 2427 qui
1559 2331 1732 2403 revelavit

135 2494 151 2531 «
182 2462 356 2560 mysteria
371 2474 541 2533 aeternae
556 2459 743 2532 filiationis
760 2474 795 2531 et
816 2460 971 2532 virtutes
989 2459 1146 2558 Spiritus
1160 2461 1355 2532 enarravit.
1371 2466 1610 2533 Potrr'orrlrom
1627 2489 1731 2557 porro

136 2628 152 2665 a
181 2608 310 2689 6666166
332 2597 503 2666 ordr'aotio
528 2596 819 2687 inctrcpolitcrurn
843 2606 874 2663 66
898 2596 1081 2665 benedictio
1104 2598 1335 2687 episcoporum
1365 2610 1396 2666 ct
1420 2599 1636 2689 corrfirnrutio
1657 2622 1731 2667 rnu-

136 2762 151 2791 «
185 2731 274 2800 neris
289 2741 467 2822 postorum
487 2740 517 2798 61
532 2730 729 2820 praesidum
754 2729 925 2798 institutio
945 2731 979 2796 io
1006 2729 1135 2797 crrrrhitu
1158 2729 1299 2798 orientis
1318 2739 1350 2798 66
1369 2731 1583 2821 ,1666616666
1603 2733 1729 2800 stertire

135 2894 151 2926 «
181 2875 211 2932 et
232 2863 380 2932 Persidis
403 2889 434 2929 n.
454 2859 589 2932 Ultima
609 2859 700 2931 hacc
723 2857 998 2931 constitutionis
1018 2884 1103 2958 pars
1128 2858 1256 2930 eadem
1278 2859 1351 2932 1666
1372 2874 1428 2932 666
1448 2885 1541 2959 quae
1562 2861 1599 2932 in
1620 2887 1728 2959 pseu·

134 2993 275 3066 doactis
296 2992 467 3066 Nicaenis
486 2992 641 3089 syriacis
664 2992 813 3089 legitur.

208 3126 300 3197 11166
319 3125 464 3197 videtur
483 3136 596 3197 totam
616 3124 807 3197 historiam
823 3123 1004 3214 :llradahu
1021 3126 1245 3222 pseudoacta
1263 3125 1423 3197 Nicaena
1441 3126 1597 3198 ulterius
1620 3127 1728 3199 etiarn

134 3283 331 3344 removere,
350 3283 422 3357 quo
456 3257 618 3356 dignitas
648 3257 828 3330 Catholici
859 3256 977 3354 magis
1007 3258 1207 3355 conspicua
1234 3258 1336 3330 fiat¹.
1368 3259 1440 3331 Sed
1468 3260 1547 3356 ipsa
1576 3260 1728 3332 historia

134 3390 403 3464 Catholioorum
429 3390 525 3462 idem
546 3389 727 3489 suggerit.
752 3392 952 3461 Successor
975 3390 1072 3462 enim
1093 3391 1205 3463 Maris
1226 3403 1283 3463 666
1307 3392 1425 3464 Abres
1447 3420 1463 3461 u
1488 3417 1507 3464 6
1529 3391 1668 3465 familia
1693 3407 1728 3466 66

133 3524 352 3622 cognatione
368 3523 499 3621 loseph
516 3523 642 3621 sponsi
657 3523 792 3594 Mariae
812 3551 844 3608 n,
858 3522 1041 3594 secundus
1056 3523 1255 3607 Abraham,
1275 3556 1291 3589 «
1310 3525 1429 3596 affinis
1446 3525 1578 3597 lacoho
1592 3527 1655 3624 qui
1670 3552 1730 3599 vo·

133 3670 236 3729 catus
253 3670 308 3729 666
328 3656 441 3729 166666
456 3656 601 3728 Domini
620 3684 652 3738 6,
671 3654 802 3726 6666166
823 3656 977 3727 lacobus
1001 3687 1017 3721 α
1036 3656 1133 3728 111166
1148 3657 1348 3728 ,1166166661
1367 3687 1399 3728 n.

207 3793 305 3888 Ergo
328 3815 454 3862 omnes
480 3789 624 3887 origine
644 3788 820 3860 illustros.
841 3792 916 3860 lam
937 3789 1038 3887 ipsae
1064 3790 1305 3888 cognationes
1330 3816 1413 3863 cum
1432 3790 1571 3863 familia
1590 3791 1731 3865 Christi

136 3922 279 3995 Domini
295 3922 400 3995 valde
423 3934 630 4019 suspectam
646 3920 802 3993 reddunt
821 3922 1101 4009 enarrationem,
1121 3947 1214 4020 quae
1234 3923 1344 3994 etiam
1365 3949 1447 3995 cum
1467 3924 1569 3996 Actis
1591 3928 1630 3997 S.
1655 3927 1733 3996 lla·

133 4055 182 4127 ris
214 4069 412 4154 repugnat,
443 4054 637 4152 inquibus
667 4079 860 4127 successor
887 4055 998 4126 Maris
1028 4055 1193 4127 eiusdem
1222 4055 1426 4154 discipulus
1452 4059 1550 4155 Papa
1578 4057 1729 4138 dicitur,

132 4188 195 4286 qui
215 4189 310 4287 apud
334 4190 486 4259 .lmrum
511 4199 548 4258 66
575 4186 845 4259 1166666666666
868 4201 986 4259 sectius
1012 4187 1176 4260 eiusdem
1201 4214 1395 4262 successor
1419 4202 1489 4261 est.
1512 4189 1630 4288 lgitur
1653 4191 1732 4262 sal-

133 4501 345 4562 coner'lr'orum
363 4519 448 4559 noca
466 4511 497 4559 66
516 4498 720 4578 atripliasinru
741 4498 897 4575 6611661ιό,
916 4507 938 4560 t.
961 4497 1001 4573 ll,
1016 4498 1209 4572 Florentiae,
1229 4506 1315 4574 18511,
1334 4520 1365 4581 p.
1382 4505 1453 4574 963,
1473 4520 1545 4582 cap.
1570 4522 1677 4561 xxxin
1699 4510 1731 4562 ct

134 4628 206 4690 cap.
222 4628 336 4668 xxrrn.

193 4715 201 4751 ⁴
219 4712 416 4795 rlpocryplra
430 4721 537 4773 autem
557 4720 669 4771 natura
685 4710 921 4771 constitutionis
938 4731 955 4771 e
978 4712 1038 4772 1166
1055 4712 1223 4794 imprionis
1245 4713 1389 4774 eiusdem
1412 4712 1581 4775 manifesta
1600 4722 1651 4776 est
1666 4736 1730 4798 quo

131 4820 313 4882 decernitur
329 4841 336 4880 ε
356 4845 369 4874 a
386 4819 420 4879 Si
435 4827 542 4880 autem
552 4817 788 4899 praevaricatus
803 4816 898 4879 suerit
915 4817 1099 4879 l'atriarcha
1116 4819 1145 4879 in
1162 4840 1221 4880 sno
1233 4840 1363 4881 muncre
1379 4830 1474 4903 atque
1487 4820 1633 4903 iniquum
1648 4821 1729 4883 iudi·

134 4956 147 4982 a
172 4927 256 4988 cium
276 4925 452 4987 exercuerit
466 4922 560 5006 2qu0d
576 4922 663 4985 Deus
682 4924 813 5003 auertat]
835 4944 871 4986 ae
892 4923 1035 5006 66611666
1058 4925 1240 5000 existiterit,
1259 4927 1285 4986 si
1301 4947 1397 5009 porro
1414 4926 1617 4989 Christianus
1632 4926 1731 4990 fuerit

133 5062 145 5087 a
172 5054 228 5093 rex
250 5032 402 5115 rcgicnis
424 5029 462 5091 ad
483 5030 568 5091 hunc
587 5029 748 5091 deleratur
771 5050 867 5092 eausa
887 5031 1018 5101 616666
1035 5050 1107 5092 cum
1128 5042 1269 5094 accersat
1295 5042 1328 5094 ct
1351 5042 1506 5117 coarguat
1526 5052 1636 5095 coram
1661 5055 1729 5095 me-

132 5172 144 5195 ιι
170 5138 329 5221 1666611116
356 5148 386 5199 61
417 5136 579 5221 episcopis
608 5136 763 5197 uelamine
791 5137 990 5219 interposito,
1012 5138 1072 5200 etsi
1101 5148 1193 5220 turpe
1218 5139 1260 5200 sit
1286 5138 1375 5200 illum
1406 5138 1540 5201 iudicari
1565 5139 1616 5202 cui
1651 5161 1729 5203 con-

133 5276 145 5300 «
170 5245 309 5306 creditae
329 5252 404 5305 sunt
423 5243 528 5306 clares
549 5243 640 5324 regni
662 5243 823 5304 carlorum
845 5254 873 5305 et
899 5254 1041 5325 potestas
1066 5246 1266 5307 condonandi
1286 5256 1420 5328 peccata
1436 5268 1443 5307 ε
1462 5246 1488 5307 61
1508 5266 1585 5308 sero
1603 5247 1729 5309 mrrndo

133 5382 145 5405 r
174 5352 362 5413 t'ltrr'str'uuo
377 5371 439 5411 non
456 5350 548 5411 166611
565 5370 631 5411 666.
651 5350 815 5410 «1111666166
830 5350 980 5412 iudicium
996 5352 1065 5413 eins
1080 5352 1120 5413 ad
1135 5352 1306 5413 adventum
1323 5352 1444 5415 Christi
1465 5352 1595 5415 Domini
1612 5352 1728 5415 iudicis

133 5488 146 5513 «
171 5478 285 5541 regum
304 5466 334 5518 et
350 5456 491 5517 omnium
507 5456 700 5538 6666166666
719 5484 746 5517 n.
765 5493 804 5501 -
821 5456 904 5518 llaec
925 5458 1054 5539 quidem
1075 5459 1261 5520 constitutio
1280 5459 1408 5520 demum
1424 5479 1508 5521 anno
1526 5463 1585 5521 424
1604 5461 1727 5523 sancita

128 5575 178 5628 est
197 5564 257 5626 suh
274 5562 440 5627 Catholico
455 5562 596 5635 Dedisti,
614 5583 676 5644 quo
697 5583 780 5623 auno
798 5563 847 5623 ius
867 5564 1049 5645 appellandi
1070 5588 1088 5624 a
1108 5564 1264 5626 catholico
1283 5565 1322 5626 ad
1348 5594 1360 5619 r
1379 5565 1492 5627 Patres
1507 5564 1723 5630 Occidentis»

128 5673 320 5755 abrogatum
335 5679 395 5733 est.
414 5669 463 5749 30.
480 5669 599 5743 Braun,
611 5668 673 5729 ders
687 5668 781 5730 Buclt
796 5668 856 5730 der
870 5669 1056 5750 3661666166,
1072 5673 1142 5733 Stut
1148 5683 1221 5755 gart
1236 5682 1269 5734 et
1283 5671 1389 5737 Wicn.
1406 5677 1493 5747 1966,
1509 5692 1543 5755 6.
1561 5674 1625 5755 57.)
