3884 6316
854 1255 1176 1351 PRAEFATIO

908 1542 1126 1555 -—

294 1865 453 1964 Paginas
477 1864 740 1963 praecedentes
770 1865 853 1949 (col.
885 1864 1117 1958 13091360),
1148 1863 1219 1937 iam
1247 1863 1348 1962 prelo
1382 1863 1567 1936 subiectas
1603 1861 1694 1934 mihi
1721 1885 1814 1934 com-

222 1988 408 2061 mendavit
424 1989 765 2062 Rereveudissimus
783 1988 962 2061 Dominus
978 1989 1127 2076 Grallm,
1142 2000 1338 2061 attextum
1354 2012 1527 2088 graecum
1543 1986 1681 2059 horarii
1698 1986 1814 2060 denuo

223 2113 454 2212 inspicerem.
476 2113 680 2187 Occasione
703 2113 801 2199 data,
821 2125 897 2186 tres
921 2113 1014 2186 alios
1036 2113 1182 2186 codices
1202 2137 1357 2212 graecos
1376 2112 1603 2184 Parisienses
1623 2109 1734 2183 huius
1757 2110 1814 2182 lro

225 2236 311 2311 rarii
331 2237 465 2324 detexi,
488 2250 657 2336 quartum
677 2237 834 2336 denique
855 2237 1030 2324 codicem,
1049 2263 1070 2310 a
1086 2239 1130 2310 D.
1145 2240 1267 2310 James
1279 2236 1555 2334 transcriptum,
1573 2235 1714 2307 contuli
1730 2247 1766 2308 et
1780 2233 1814 2305 in

227 2361 394 2460 plurimis
413 2361 505 2434 locis
524 2361 728 2434 emendavi.
747 2360 909 2434 Pretium
926 2386 1000 2435 non
1020 2374 1098 2435 erat
1117 2361 1291 2459 optimam
1311 2360 1509 2434 editionem
1527 2359 1815 2459 fragmentorum

227 2510 247 2558 a
274 2488 318 2557 D.
346 2489 395 2558 M.
423 2487 588 2559 Kmosko
621 2485 802 2559 editorum
831 2499 868 2559 et
898 2511 1012 2586 prope
1040 2486 1154 2559 iame
1182 2485 1283 2585 prelo
1311 2509 1558 2585 egressorum,
1586 2482 1812 2583 perturbare.

226 2635 339 2707 quare
358 2610 495 2709 placuit
514 2635 629 2683 novos
647 2622 769 2683 textus
789 2609 966 2684 benevolo
986 2610 1115 2683 lectori
1136 2610 1174 2682 in
1193 2611 1261 2683 hac
1280 2609 1481 2708 appendice
1502 2608 1785 2687 communicare.
1808 2650 1812 2657 ·

800 2897 827 2965 l.
857 2898 991 2967 Codices
1016 2897 1237 2967 parisienses.

295 3127 357 3215 (Α)
384 3126 480 3198 2419
502 3124 564 3199 lol.
587 3126 670 3199 247.
695 3126 819 3198 Codex
841 3125 916 3211 ille,
940 3126 984 3199 de
1009 3151 1081 3225 quo
1106 3149 1229 3224 supra,
1252 3151 1288 3224 p.
1319 3123 1422 3211 1310,
1440 3136 1638 3196 tractatum
1663 3122 1817 3194 astrolo-

225 3250 349 3348 gicum
376 3248 539 3322 continet
565 3250 642 3342 (sol.
670 3251 789 3341 l-lill
814 3249 852 3322 in
872 3263 1028 3348 quatuor
1042 3249 1157 3323 libros
1176 3247 1412 3322 distributum
1432 3273 1474 3320 ac
1494 3246 1627 3321 deinde
1650 3246 1727 3335 (iol.
1756 3246 1816 3317 1711

225 3373 272 3446 ad
291 3373 413 3466 finem)
430 3373 546 3445 multa
569 3386 739 3472 excerpta
763 3373 858 3447 inter
882 3399 976 3474 quae
995 3374 1108 3462 venit,
1133 3374 1196 3449 lol.
1219 3374 1304 3446 247*
1327 3404 1334 3446 :
1354 3380 1433 3471 ἀρχὴ
1454 3386 1517 3444 τῶν
1538 3371 1813 3468 ἀποτελεσμάτων·

229 3499 428 3569 Ἀπολλωνίου
449 3514 505 3569 τοῦ
528 3500 776 3594 μεθημσιτικσῡ1,
800 3502 942 3571 Initium
966 3501 1246 3593 Apotclesmatnm
1269 3500 1442 3592 Apollonii
1465 3499 1711 3569 mathematici.
1731 3493 1817 3566 Dein

228 3632 313 3720 post
330 3634 470 3719 septem
490 3621 619 3707 lineas,
642 3647 734 3720 quas
750 3622 883 3696 edituri
904 3648 1030 3695 sumus
1050 3622 1157 3708 infra,
1173 3623 1340 3721 sequitur
1358 3620 1511 3695 titulus:
1535 3625 1722 3716 Ὀνσμασίσιν
1739 3629 1817 3716 ὠμῶν

227 3746 413 3843 ἡμερινῶν1.
443 3744 632 3819 Fabricius
657 3746 858 3819 autumavit
886 3748 1121 3847 Apollonium
1154 3747 1250 3819 hunc
1279 3771 1353 3820 non
1380 3749 1612 3845 Tyanensem
1641 3769 1725 3817 esse
1759 3742 1818 3815 sed

228 3870 503 3943 Laodicensem.
523 3872 578 3942 En
594 3869 673 3943 eius
690 3870 819 3943 verba³
841 3899 848 3941 :
870 3873 1043 3965 Apollonii
1059 3874 1292 3944 mathematici
1309 3873 1549 3966 apotelesmata
1564 3871 1642 3941 God.
1665 3894 1734 3961 rep.
1754 3872 1817 3939 Pa·

236 3999 296 4067 ris.
332 3995 442 4066 1543⁴
472 3997 553 4066 citat
584 3998 735 4087 Congius
770 3999 803 4065 in
837 4002 997 4092 πνεύματα
1027 4009 1057 4068 et
1085 3999 1182 4068 otili.
1211 3998 1288 4093 Περὶ
1315 4006 1459 4092 μαντείας
1487 3999 1621 4090 ἀστέρων
1652 3994 1755 4064 libros·
1782 3993 1821 4062 ll'

232 4121 405 4212 scripsisse
432 4120 646 4212 Apolloniam
674 4125 880 4212 Tyoncnacm
910 4133 1053 4192 testatur·
1081 4122 1303 4193 Plrilostrotes
1327 4120 1392 4201 Ill,
1422 4119 1478 4190 lt.
1507 4119 1570 4190 Sed
1588 4131 1672 4213 patto
1698 4120 1735 4188 in
1767 4117 1820 4186 illo

232 4245 340 4314 coelice
368 4245 479 4336 potins
512 4246 678 4314 contineri
711 4247 875 4337 (pianelam
911 4247 1116 4337 astrologica
1148 4246 1321 4339 Apollonii
1351 4244 1566 4316 laodicensis
1598 4266 1696 4335 praem
1729 4243 1821 4312 lille-ia

233 4370 380 4461 ‹perirrqne
394 4370 506 4437 locale
525 4381 725 4459 aspramente
738 4371 875 4461 scriptis
889 4372 1069 4464 Aegyptios·
1082 4371 1267 4462 astrologos·
1284 4371 1457 4440 coriorum
1472 4391 1626 4438 errorum
1635 4368 1823 4460 postulasse

235 4503 377 4562 testatur
395 4493 523 4563 Paulus
543 4493 813 4596 Alexandrinas.
830 4494 937 4564 Errat
956 4492 1014 4563 hic
1034 4492 1260 4565 clarissimus
1279 4502 1426 4577 auctor;
1449 4515 1532 4563 nam
1549 4489 1825 4588 Apotelasmata

233 4614 295 4687 illa
315 4614 500 4712 Apollonii
524 4614 660 4687 nullius
685 4615 818 4688 erroris
842 4616 1030 4714 postulant
1049 4616 1255 4716 Aegyptios
1280 4616 1502 4715 astrologos,
1524 4613 1675 4713 insuper
1695 4638 1826 4687 nomen

233 4737 418 4837 Apollonii
450 4766 467 4808 a
502 4739 708 4836 Tyanensis
741 4768 757 4808 n
789 4752 825 4812 et
854 4738 891 4811 in
920 4739 1027 4813 titulo
1059 4752 1095 4813 et
1123 4741 1160 4812 in
1188 4739 1458 4813 introductione
1489 4737 1661 4837 explicite
1690 4738 1828 4838 profert

233 4888 391 4960 sequens
412 4863 539 4936 codex.

297 5099 322 5152 l.
340 5090 412 5153 Vox
435 5091 490 5153 illa
516 5091 633 5175 gallic-a
652 5118 665 5148 e
683 5092 848 5155 Talisman
865 5118 878 5151 ν
899 5094 1045 5176 provenit
1071 5115 1089 5155 a
1110 5114 1187 5157 voce
1209 5097 1390 5173 inanitione,
1407 5113 1464 5159 seu
1485 5093 1613 5175 τίλισμσ.
1631 5091 1716 5155 Vide
1739 5096 1836 5176 infra

235 5196 296 5259 col.
315 5200 392 5259 1388
404 5198 560 5280 quaedam
575 5200 823 5281 Apoteleamnta
838 5220 894 5263 seu
911 5226 925 5255 e
945 5198 1127 5263 Talismans
1142 5226 1168 5262 ν.

296 5310 324 5363 2.
342 5303 469 5366 Titulus
485 5303 538 5367 ille
553 5304 739 5368 minusculis
755 5306 861 5369 rubris
874 5306 1014 5389 scriptus
1026 5315 1086 5370 est.

295 5415 324 5469 3.
342 5408 546 5472 Bibliotheca
559 5432 694 5494 graeca,
718 5420 741 5474 t.
759 5411 813 5488 lv,
831 5435 862 5495 p.
885 5419 950 5476 151.

296 5521 325 5576 4.
343 5515 434 5578 Nunc
449 5521 537 5577 2110.
