3884 6316
148 432 206 489 529
692 423 935 488 PRAEFATIO
957 462 996 470 -
1019 424 1160 488 CAPUT
1183 426 1222 488 ll.

147 608 260 691 latus,
283 606 449 705 procedit
468 606 513 679 ab
532 606 640 678 unico
657 605 782 678 codice
805 604 866 702 qui
889 604 957 677 sub
979 630 1130 678 numero
1145 608 1231 677 Aue.
1255 592 1370 677 14658'
1391 607 1427 678 in
1448 609 1575 681 Museo
1596 609 1744 681 Britan-

147 741 229 812 nico
254 739 408 812 Londini
431 753 652 813 asservatur.

221 873 287 944 Hic
310 872 424 944 codex
449 872 495 943 ad
519 872 682 944 seculum
708 872 904 966 septimum
927 871 1082 944 refertur
1105 883 1141 944 et
1160 872 1256 945 inter
1277 873 1391 945 multa
1414 887 1584 972 excerpta
1603 886 1742 947 textum

146 1018 312 1078 nostrum
338 1005 443 1078 ollert
471 1005 531 1076 fol.
567 1005 805 1077 tata-talah
836 1007 941 1076 Hunc
967 1004 1131 1078 codicem
1158 1005 1286 1078 scdulo
1315 1007 1446 1079 iterum
1472 1020 1580 1105 atque
1609 1007 1742 1079 iterum

147 1138 367 1210 contulimus
387 1151 423 1210 et
443 1137 599 1210 fideliter
619 1137 824 1212 retulimus.
843 1138 976 1209 Mende
996 1137 1176 1234 quaedam
1190 1161 1286 1234 quae
1301 1139 1338 1210 in
1358 1138 1483 1211 codice
1508 1139 1742 1213 invenieban-

146 1283 205 1344 tur
229 1272 266 1342 in
287 1285 389 1344 textu
411 1271 658 1369 corriguntur,
689 1270 775 1342 dum
801 1295 845 1342 ex
860 1269 932 1342 alia
959 1282 1062 1367 parte
1089 1270 1198 1343 lectio
1225 1270 1342 1369 ipsius
1362 1271 1501 1344 codicis
1525 1272 1571 1344 ad
1602 1272 1740 1345 calcem

146 1405 336 1477 columnae
356 1404 522 1477 refertur.
547 1404 882 1502 luterpunctionem
903 1416 939 1476 et
957 1403 1258 1477 vocalisationem
1278 1405 1492 1478 adiecimus.

219 1542 372 1636 Insuper
396 1537 595 1609 notandum
620 1551 677 1610 est
700 1537 740 1609 in
764 1536 833 1609 hoc
857 1535 982 1609 codice
1009 1537 1204 1636 aliquando
1230 1563 1362 1610 nomeu
1389 1540 1602 1611 Bardeseues
1628 1539 1740 1611 scribi

144 1723 184 1776 2.,
197 1717 224 1757 aa
239 1670 385 1769 saepius
406 1681 527 1742 autem
544 1715 615 1773 pa,
634 1683 674 1742 ut
695 1696 762 1742 nos
781 1669 890 1743 etiam
911 1669 1047 1767 ubique
1066 1669 1246 1771 dedimus.

218 1803 353 1877 Scribit
373 1814 494 1875 autem
515 1803 631 1875 codex

199 1949 250 2012 st?
266 1937 293 1985 3³
306 1935 376 2001 55522
385 1935 448 1999 aaa„
457 1935 564 2000 55525552
572 1935 631 1999 55522

209 2037 252 2103 tut
267 2053 293 2100 3³
307 2042 354 2093 ubi
370 2056 421 2093 nos
439 2007 498 2101 5ἷὲ
512 2051 564 2114 5552
576 2051 625 2114 552
639 2051 697 2115 5522
711 2050 772 2114 raa²5
785 2050 845 2114 55522
858 2051 923 2115 aaa²⁰

206 2158 282 2217 tntu
300 2157 348 2208 uhi
368 2172 418 2209 nos
441 2122 542 2214 tdlu's
558 2166 617 2230 raa¹²
630 2165 680 2229 5552
693 2166 744 2229 oei⁰
755 2166 803 2229 5552
817 2166 868 2229 5552
885 2166 942 2230 55512
958 2166 1017 2230 rea¹⁰
1035 2166 1094 2231 55522
1107 2166 1166 2232 ma„
1183 2165 1242 2231 aar²⁴
1257 2167 1366 2232 55522222
1379 2167 1439 2232 an„
1456 2168 1516 2232 55522
1529 2169 1585 2233 5522
1600 2169 1677 2233 555222
1691 2170 1738 2231 aar⁴

143 2259 201 2326 mill
210 2293 229 2326 1⁷
242 2260 289 2325 599¹
303 2260 366 2324 emm
373 2292 395 2324 20
408 2259 468 2324 60312
480 2258 540 2324 60817

203 2369 271 2417 w
287 2366 333 2418 ubi
349 2380 399 2418 nos
411 2339 458 2415 a}
471 2375 528 2439 5522
541 2373 599 2439 ote¹³
612 2375 682 2438 55522
697 2374 747 2438 552
760 2374 819 2438 5522

203 2464 284 2518 osea
299 2464 346 2516 ubi
362 2478 412 2515 nos
426 2465 489 2518 555
505 2473 551 2537 aaa¹
563 2473 621 2536 5522
634 2472 695 2537 57522
707 2472 759 2537 aar„

202 2579 318 2651 xmohs
334 2580 381 2630 ubi
397 2592 447 2630 nos
464 2553 496 2646 x3
561 2587 832 2652 55255525552555222

199 2695 302 2772 <aba
317 2694 365 2746 ubi
380 2709 430 2745 nos
446 2667 528 2770 <sbi
540 2703 592 2767 5552
604 2702 664 2767 55522

202 2813 298 2878 §aaz
312 2810 360 2862 ubl
376 2825 426 2862 nos
440 2784 515 2876 §bio
527 2818 587 2882 55722
600 2818 654 2883 57522
668 2817 719 2882 5522
731 2819 786 2882 ben„
798 2818 845 2882 552

212 2965 247 3034 3.
275 2967 317 3035 15
340 2963 409 3035 hoc
437 2961 586 3061 dialogo
610 2962 672 3060 qui
698 2966 797 3035 Liber
823 2965 935 3056 leptim
963 2965 1141 3055 reqionum
1167 2961 1366 3060 inscriptus
1393 2974 1448 3034 555
1474 2963 1662 3060 quaeritur
1687 2965 1733 3036 de

139 3122 250 3169 causa
265 3095 350 3167 mali
366 3094 510 3194 physici
530 3107 566 3167 et
579 3095 795 3192 praesertim
815 3094 900 3167 mali
916 3094 1079 3168 moralis.

214 3228 442 3301 bardesanes
462 3227 694 3325 colloquitur,
712 3239 753 3299 ut
768 3240 1026 3312 consueverat,
1045 3252 1127 3300 cum
1142 3227 1220 3299 suis
1236 3228 1440 3326 discipulis.
1458 3230 1592 3301 Petunt
1611 3228 1656 3300 ab
1671 3254 1729 3317 5ο,

138 3387 258 3436 55555
278 3365 378 3434 Ι)555
403 3361 450 3433 sit
475 3386 586 3433 causa
610 3361 696 3441 mali
717 3361 884 3446 moralis;
909 3386 1011 3447 nam,
1037 3374 1076 3433 ut
1099 3361 1151 3432 ait
1174 3365 1284 3434 Avida
1308 3361 1370 3459 qui
1392 3362 1510 3435 vicem
1532 3361 1733 3435 adversarii

137 3496 247 3594 gerit,
270 3498 370 3567 Deus
390 3493 578 3567 debuisset
594 3519 717 3566 creare
738 3494 922 3567 hominem
941 3494 993 3566 ita
1007 3506 1047 3565 ut
1067 3519 1220 3591 5555555
1238 3520 1311 3567 555
1326 3508 1464 3592 555555.
1485 3496 1730 3581 Bardesanes‚

137 3627 349 3728 praemissis
377 3626 542 3700 consiliis
567 3627 612 3699 de
644 3627 752 3700 modo
779 3627 1031 3727 interrogandi
1062 3640 1098 3701 et
1127 3627 1356 3726 disputandi,
1387 3628 1585 3725 respondet
1612 3629 1732 3700 Deum

137 3787 209 3834 non
233 3761 398 3859 potuisse
423 3784 546 3833 creare
575 3759 760 3833 hominem
786 3760 823 3831 in
851 3759 917 3833 illo
941 3773 1056 3845 statu,
1084 3761 1172 3860 quin
1202 3761 1441 3834 constitueret
1464 3759 1566 3832 illum
1590 3786 1732 3834 merum

135 3895 433 3978 instrumentum,
460 3893 628 3966 libertate
652 3906 689 3967 et
717 3893 847 3967 merito
876 3893 1057 3966 orbatum.
1087 3893 1232 3967 Asserit
1259 3893 1375 3966 Avida
1395 3893 1601 3967 libertatem
1629 3894 1731 3966 illam

136 4027 274 4101 homini
298 4053 319 4099 a
342 4030 420 4100 Deo
445 4052 658 4099 concessam
683 4052 755 4099 non
782 4025 1023 4099 sullloientem
1051 4051 1132 4100 esse
1157 4038 1198 4099 ut
1224 4027 1340 4127 possit
1363 4027 1479 4099 vitare
1508 4026 1643 4099 malum
1671 4028 1730 4100 vel

135 4161 265 4233 saltem
284 4174 323 4233 ut
338 4160 456 4258 possit
470 4159 589 4233 lacere
609 4158 757 4231 bonum.
782 4162 883 4254 Quas
902 4159 1125 4232 assertiones
1148 4160 1278 4233 refellit
1299 4160 1540 4233 Bardesanes.

184 4293 335 4388 Quaerit
362 4318 452 4392 ergo
476 4292 594 4365 Avida
620 4318 666 4364 an
691 4317 801 4365 causa
825 4292 910 4364 mali
932 4317 1005 4365 non
1031 4292 1242 4391 reponenda
1266 4293 1314 4364 sit
1337 4294 1374 4365 in
1398 4307 1528 4366 natura
1552 4293 1725 4367 hominis.

135 4427 380 4511 bardesanes,
404 4426 514 4499 rebus
541 4439 691 4499 naturae
712 4439 748 4498 et
768 4424 949 4499 libertatis
970 4426 1098 4499 sedulo
1118 4425 1325 4525 perpensis,
1347 4425 1435 4497 dicit
1460 4438 1625 4498 naturam
1646 4452 1730 4501 esse

132 4584 240 4632 uuam
261 4561 298 4631 in
325 4585 544 4657 unaquaque
572 4559 711 4657 specie,
741 4560 838 4632 unde
866 4559 1037 4632 uniformi
1065 4560 1174 4632 modo
1205 4559 1364 4658 impulsu
1392 4571 1544 4632 naturae
1567 4574 1729 4658 aguntur

133 4717 260 4765 omnes
276 4693 338 4790 qui
354 4692 463 4763 unius
483 4691 618 4790 speciei
633 4692 831 4791 participes
847 4705 950 4776 sunt,
974 4692 1040 4765 sed
1061 4718 1133 4764 non
1155 4692 1283 4765 eodem
1298 4691 1406 4764 modo
1427 4703 1581 4789 peccant
1599 4717 1728 4765 omnes

133 4825 312 4911 homines,
329 4825 492 4923 quinimo
504 4837 589 4897 sunt
602 4824 769 4898 homines
781 4827 841 4923 qui
855 4825 901 4897 ad
915 4825 1087 4898 meliores
1099 4825 1239 4925 fruges,
1253 4837 1397 4896 servata
1412 4824 1569 4897 humana
1581 4839 1725 4913 natura,

133 4959 313 5031 redeunt:
337 4984 426 5058 ergo
447 4971 636 5056 peceatum
662 4959 720 5030 vel
745 4959 867 5057 potius
894 4959 1030 5031 malum
1056 4985 1129 5031 uon
1155 4958 1322 5057 provenit
1351 4982 1370 5031 5
1402 4970 1532 5030 555555
1551 4957 1723 5032 hominis.

207 5092 359 5188 Quaerit
386 5092 517 5164 deinde
544 5091 661 5164 Avida
688 5117 734 5163 au
763 5093 898 5164 malum
927 5118 999 5164 non
1026 5092 1216 5191 proveniat
1244 5117 1263 5164 5
1292 5092 1367 5164 sato
1392 5090 1630 5191 astrologico.
1655 5096 1727 5165 Re·

133 5225 288 5323 spondet
307 5226 535 5298 Bardesanes
552 5250 628 5297 rem
650 5225 701 5297 ita
720 5250 793 5297 non
813 5250 852 5297 55
872 5223 1020 5312 habere,
1041 5225 1126 5324 quia
1145 5225 1326 5309 homines,
1349 5223 1417 5297 sub
1438 5224 1566 5298 eodem
1586 5224 1725 5298 inlluxu

132 5359 219 5441 uati,
244 5358 361 5430 modis
382 5383 490 5456 quam
519 5358 674 5430 maxime
695 5357 849 5430 diversis
873 5358 967 5430 male
995 5370 1127 5458 agunt,
1155 5357 1340 5455 quinimo
1368 5357 1520 5429 inlluxui
1541 5369 1724 5431 astrorum

192 5535 199 5571 ⁴
217 5534 266 5596 De
280 5533 494 5616 descriptione
509 5533 605 5596 huius
619 5533 740 5597 codicis
755 5533 796 5599 ol.
814 5532 869 5600 W.
881 5533 1028 5620 Wright,
1044 5535 1225 5619 Catalogue
1239 5540 1282 5618 cf
1293 5535 1344 5597 elac
1358 5536 1470 5615 syriae
1484 5533 1724 5618 Manuscra‘pta,

131 5641 277 5718 555555,
297 5646 384 5716 rau,
401 5661 455 5724 pp.
476 5644 652 5706 1154-1160.
871 5645 874 5651 ·
