3884 6316
135 401 209 460 1211
375 366 378 373 ’
535 397 592 461 nu
614 397 828 465 arisrom
850 398 1025 464 eunucu
1047 396 1321 463 neccaram.

205 560 370 632 Mutuam
389 559 556 633 codicum
575 557 790 633 relationem
810 560 879 633 hoc
899 561 1085 634 schemate
1105 556 1276 658 exprimit
1292 557 1444 632 Charles
1463 584 1470 627 :

641 881 1236 1074 V—‘AE—‘W

447 1091 807 1269 ΓἼ-Γ-Ἰ
1000 1092 1407 1173 Ι-ι-ΤἾ

447 1217 474 1259 ο
571 1206 601 1261 h
698 1205 728 1258 n
1394 1178 1410 1230 ¹

701 1307 873 1387 l—-l
1134 1308 1311 1384 *ar-³

701 1410 727 1465 b
850 1424 874 1479 a
1179 1422 1216 1461 w
1240 1423 1267 1479 r·

207 1660 299 1733 Huic
324 1661 501 1735 schemati
521 1661 699 1763 graphice
719 1674 757 1736 et
780 1686 848 1735 nos
871 1661 1108 1747 assentimur,
1130 1659 1356 1733 differentias
1380 1673 1503 1732 tamen
1528 1682 1624 1757 quae
1650 1669 1734 1729 sunt

133 1795 268 1866 intere
291 1807 328 1868 et
356 1795 607 1869 recensionem
637 1795 790 1870 alteram
821 1795 928 1868 aliter
959 1794 1197 1894 explicamus.
1227 1791 1436 1867 Notandum
1464 1791 1648 1890 imprimis
1678 1803 1733 1862 est

133 1927 296 2002 codicem
321 1926 619 2015 Ambrosianum,
646 1928 743 2001 unde
774 1931 963 2028 acceptam
995 1927 1141 2002 Ceriani
1170 1926 1420 2026 apocalypsim
1447 1936 1563 1998 totam
1594 1922 1733 2023 publici

133 2060 224 2132 iuris
243 2061 342 2148 lecit,
362 2060 555 2161 epistolam
576 2062 719 2135 Baruch
740 2060 797 2134 his
822 2062 1024 2147 continere,
1046 2061 1163 2160 primo
1183 2059 1332 2160 quidem
1352 2059 1447 2133 inter
1465 2058 1603 2157 scripta
1622 2082 1734 2130 cano·

133 2193 214 2266 nica
242 2193 399 2293 positam
430 2207 513 2294 post
535 2195 728 2294 epistolam
755 2196 969 2268 canonicam
998 2193 1156 2281 Baruch,
1186 2192 1319 2267 deinde
1341 2217 1429 2266 vero
1452 2192 1489 2265 in
1512 2191 1612 2265 calce
1635 2191 1732 2289 Apo·

132 2327 337 2427 calypseos.
356 2330 495 2403 Omnes
510 2327 642 2402 deinde
663 2329 810 2403 codices
827 2342 979 2429 excepto
994 2357 1016 2399 e
1031 2340 1197 2428 spectato
1211 2340 1314 2400 textu
1335 2327 1481 2399 unicam
1496 2325 1543 2399 ad
1558 2324 1733 2397 familiam

131 2461 328 2558 pertinent,
357 2474 394 2536 et
421 2462 537 2535 forma
564 2473 699 2549 textus,
727 2487 836 2561 quam
864 2462 1050 2546 exhibent,
1081 2462 1118 2535 in
1152 2460 1280 2562 paucis
1313 2459 1469 2533 dillert⁴.
1502 2461 1593 2533 Cum
1623 2482 1733 2557 porro

132 2594 278 2667 codices
304 2594 435 2692 reliqui
461 2594 654 2694 epistolam
676 2594 723 2667 ad
748 2621 856 2669 usum
880 2594 1094 2697 liturgicum
1119 2594 1329 2694 adaptatam
1357 2592 1566 2677 exhibeant,
1587 2591 1734 2690 praedi·

132 2727 202 2800 ctis
217 2726 460 2801 consideratis
480 2728 714 2802 manifestum
733 2728 1005 2828 cstepistolam
1027 2729 1121 2802 hanc
1141 2728 1213 2801 iam
1229 2726 1430 2826 antiquitus
1454 2725 1491 2798 in
1507 2724 1593 2798 hina
1609 2748 1734 2797 recen·

133 2860 236 2934 sione
252 2859 450 2947 exstitisse,
467 2861 575 2934 aliam
590 2861 737 2960 quidem
753 2862 790 2934 in
804 2890 826 2932 e
841 2861 1008 2936 informa
1025 2861 1241 2961 antiquiore,
1261 2860 1369 2933 aliam
1382 2884 1470 2932 vcro
1486 2858 1524 2931 in
1542 2856 1734 2931 codicibus

132 2993 286 3093 reliquis
312 2993 349 3066 in
376 2993 590 3069 recensione
616 2995 819 3068 recentiore
848 2994 1042 3086 contineri.
1071 2993 1315 3068 Probabiliter
1339 2993 1505 3092 Epistola
1530 2993 1563 3064 ll
1588 2991 1734 3063 Baruch

133 3126 228 3199 inter
244 3127 445 3225 scripturas
461 3127 658 3201 canonicas
674 3141 821 3227 recepta
840 3128 1065 3203 activitatem
1085 3127 1327 3201 redactoriam
1346 3126 1415 3198 viri
1436 3125 1592 3199 alicuius
1612 3123 1734 3198 eccle·

133 3259 273 3332 siastici
300 3259 426 3349 subiit,
448 3259 510 3358 qui
534 3272 675 3335 textum
697 3261 841 3335 fortiter
866 3261 1071 3362 castigasse
1098 3260 1257 3346 videtur,
1278 3260 1329 3333 ita
1356 3272 1398 3332 ut
1423 3272 1546 3332 textus
1576 3258 1622 3331 ab
1653 3258 1734 3356 ipso

134 3393 360 3492 compositus
379 3393 417 3465 in
436 3417 563 3467 omnes
586 3394 733 3468 codices
753 3393 909 3468 diliusus
929 3395 991 3481 sit,
1009 3406 1219 3468 remanente
1238 3405 1341 3468 textu
1356 3421 1378 3463 e
1393 3393 1430 3465 in
1451 3393 1567 3465 forma
1582 3391 1734 3490 antiqua

135 3524 317 3625 neglecta,
340 3552 422 3599 cum
445 3527 669 3628 Apocalypsi
692 3528 771 3627 ipsa
800 3541 909 3626 atque
930 3527 1099 3627 epistola,
1118 3554 1186 3623 qua
1201 3552 1287 3622 pars
1308 3529 1470 3610 eiusdem,
1491 3524 1622 3598 nullibi
1646 3549 1734 3597 auc·

134 3658 320 3732 toritatem
340 3658 500 3758 aliquam
523 3661 757 3759 praecipuam
779 3660 985 3734 obtinuisse
1010 3661 1191 3734 videatur.
1215 3659 1357 3755 Quodsi
1381 3671 1504 3733 autem
1529 3656 1730 3757 quaeritur,

135 3816 207 3889 qua
222 3791 362 3865 ratione
383 3805 505 3866 textus
526 3794 714 3892 Epistolae
735 3808 922 3868 correctus
938 3794 1059 3881 luerit,
1083 3818 1300 3893 responsum
1323 3792 1475 3867 reddero
1502 3792 1578 3864 sere
1599 3791 1735 3889 impos·

136 3923 242 3997 sibile
257 3938 332 4011 est;
346 3925 481 3998 etenim
493 3952 516 3995 e
528 3926 654 4000 multis
671 3926 939 4025 sphalmatibus
958 3926 1115 4014 laborat,
1134 3952 1201 4002 nec
1221 3926 1333 3999 alium
1353 3924 1532 3999 habemus
1552 3922 1731 4002 codicem,

136 4057 198 4156 qui
223 4058 474 4131 recensionem
498 4059 570 4157 ipsi
595 4073 791 4160 cognatam
816 4060 1006 4148 exhibeat;
1031 4074 1068 4135 et
1090 4086 1135 4135 ex
1156 4060 1272 4133 altera
1296 4072 1398 4159 parte
1424 4057 1674 4151 correctiones
1698 4056 1735 4128 in

136 4189 288 4264 alteram
308 4192 560 4266 recensionem
580 4192 744 4268 invectae
760 4193 974 4293 plerumque
990 4194 1125 4267 formas
1148 4192 1421 4292 grammaticas,
1432 4190 1605 4264 ordinem
1622 4215 1735 4263 voca-

136 4322 305 4396 bulorum
328 4338 364 4397 et
388 4325 593 4424 generatim
619 4351 678 4398 res
703 4326 854 4400 minoris
877 4327 1052 4401 momenti
1076 4326 1273 4401 afficiunt².
1299 4325 1392 4398 Hinc
1415 4323 1495 4398 erui
1519 4349 1593 4396 non
1612 4335 1736 4421 potest

200 4561 227 4615 1.
244 4552 332 4616 luter
350 4559 408 4616 230
424 4554 578 4619 lectiones
592 4556 764 4635 varianteS,
782 4578 863 4641 quas
877 4557 995 4635 notavi,
1014 4561 1071 4620 145
1091 4557 1307 4631 inveniuntur,
1324 4554 1379 4618 ubi
1398 4553 1659 4637 conspirantibus
1679 4574 1735 4617 co·

137 4658 264 4722 dicibus
281 4660 413 4744 reliquis
424 4681 447 4724 e
461 4662 615 4727 lectiones
628 4664 759 4727 omnino
774 4665 957 4748 singulares
972 4663 1114 4727 exhibet.
1130 4663 1252 4728 Verum
1264 4662 1393 4746 quidem
1409 4671 1459 4725 est
1473 4662 1557 4724 inter
1575 4660 1635 4723 has
1648 4659 1736 4723 haud

139 4786 260 4850 paucas
279 4767 425 4843 inveniri,
442 4789 525 4852 quae
548 4790 587 4832 ex
611 4789 720 4834 errore
742 4770 794 4833 vel
816 4771 984 4833 oscitantia
1004 4771 1129 4835 scribae
1148 4779 1237 4832 ortae
1258 4779 1343 4846 sunt,
1361 4767 1571 4831 nihilominus
1592 4765 1736 4850 demptis

137 4872 189 4935 his
202 4893 340 4956 quoque,
357 4893 440 4957 quae
455 4885 629 4952 remanent,
647 4877 858 4940 assertionem
872 4885 1017 4940 nostram
1031 4876 1229 4966 sufficienter
1243 4875 1392 4959 probant.

199 4984 228 5042 2.
251 4979 356 5043 Locus
375 4981 504 5056 unicus,
526 5002 566 5043 ex
586 5003 649 5065 quo
671 4984 803 5065 probari
831 5004 927 5066 posse
947 4983 1073 5046 videtur
1092 4983 1226 5046 alteram
1248 4981 1493 5065 apocalypseos
1514 4980 1738 5044 recensionem

138 5104 198 5166 ope
213 5086 462 5169 comparationis
477 5097 585 5150 textus
602 5089 718 5170 syriaci
735 5089 925 5173 antiquioris
942 5110 1013 5152 cum
1030 5098 1119 5152 textu
1134 5109 1252 5174 graeco
1267 5087 1509 5172 Apocalypseos
1524 5095 1629 5150 ortam
1648 5106 1736 5161 csse,

138 5191 298 5254 invenitur
312 5198 344 5269 7,
361 5198 379 5254 2
399 5195 454 5257 uhi
468 5215 491 5255 e
507 5218 603 5282 ,aspa
623 5194 737 5279 reliqui
760 5215 836 5259 vero
855 5195 984 5259 codices
1000 5217 1096 5274 ,ogau
1114 5197 1242 5281 legunt3
1260 5195 1348 5278 atqui
1368 5213 1386 5258 e
1407 5213 1524 5279 graeco
1542 5194 1739 5276 φυτιυοήσιοθι

139 5299 180 5379 (e)
196 5297 289 5360 facile
306 5299 486 5382 explicatur
502 5301 603 5364 altera
621 5302 716 5365 lectio
736 5303 948 5384 φυλαχθήσισθε.
965 5302 1135 5366 Lectiones
1153 5301 1234 5364 aliae
1249 5301 1289 5364 ad
1307 5301 1529 5384 quaestionem
1548 5298 1740 5363 solvendam

137 5403 217 5465 nihil
237 5404 360 5480 iuuant3
385 5407 502 5469 etenim
524 5409 685 5471 variantes
706 5408 790 5470 sicut
809 5430 917 5485 inam
936 5446 977 5455 -
995 5430 1018 5472 e
1034 5430 1133 5486 ruam
1149 5415 1178 5483 5,
1203 5412 1222 5469 4
1241 5429 1310 5479 nou
1328 5444 1367 5454 -
1386 5427 1408 5469 e
1427 5426 1518 5477 itm
1538 5412 1569 5485 5,
1587 5412 1607 5469 9
1625 5427 1739 5484 μμ,

136 5546 175 5555 -
190 5530 212 5572 e
225 5542 274 5579 οοο,
292 5531 371 5589 tes-2
391 5519 420 5584 6,
438 5520 457 5576 3
475 5536 549 5590 hat-u
570 5552 608 5561 -
620 5537 642 5577 e
655 5537 747 5592 μμ,
761 5514 805 5578 ib.
821 5537 919 5586 inam
931 5552 971 5564 -
985 5535 1008 5578 e
1021 5537 1101 5586 ism
1117 5522 1147 5592 7,
1163 5520 1200 5576 21
1216 5514 1296 5578 nihil
1316 5513 1466 5599 probant,
1483 5511 1635 5578 facillime
1649 5514 1741 5577 enim

135 5636 175 5679 cx
190 5617 262 5700 ipso
276 5628 366 5681 textu
380 5620 505 5702 syriaco
520 5621 732 5704 explicantur.

1402 5773 1418 5808 Τ
