3884 6316
729 406 987 472 PnlEFnTIO.
1589 414 1665 472 1064

56 584 181 642 tamen
204 569 276 642 iarn
295 568 456 668 vestigia
477 568 668 642 doctrinae
695 569 931 644 Talmudicae
958 596 1104 669 quoque
1127 570 1365 646 inveniuntur
1388 572 1563 644 mundum
1586 572 1664 644 ius-

59 715 181 775 torum
204 703 323 802 gratia
346 714 509 776 creatum
532 706 632 775 esse¹
657 702 726 793 (Cl.
753 729 813 791 xv,
836 705 876 789 7;
897 731 969 791 xxi,
988 705 1063 801 24).

133 836 304 935 Vestigia
335 860 481 935 quoque
511 836 701 909 doctrinae
733 837 898 910 Platonis
930 838 1028 910 circa
1056 838 1232 912 mundum
1262 838 1446 911 visibilem
1475 851 1663 938 tamquam

59 968 186 1041 mundi
209 968 406 1042 invisibilis
435 969 637 1069 imaginem
663 970 826 1068 reperies
854 998 903 1058 iv,
930 972 1015 1057 2-4;
1042 972 1074 1044 si
1101 983 1224 1045 tamen
1246 971 1349 1045 locus
1379 973 1564 1070 genuinus
1590 973 1656 1056 sit;

61 1103 216 1176 Charles
235 1103 332 1174 enim
352 1102 580 1175 authentiam
599 1102 671 1175 loci
692 1102 802 1176 huius
822 1103 860 1176 in
881 1103 1033 1177 dubium
1051 1106 1233 1178 vocavit².

135 1236 294 1308 Mundus
319 1236 391 1321 hic,
417 1241 491 1332 αἰὼν
513 1239 611 1325 οὗτος,
630 1235 749 1318 malus
776 1247 849 1321 est;
881 1236 1059 1335 quidquid
1085 1237 1182 1309 enim
1202 1238 1391 1334 praeterit,
1419 1238 1664 1335 corrumpitur

61 1373 170 1461 (xnrv,
197 1369 246 1460 9),
273 1369 411 1441 Mundo
438 1368 523 1440 huic
553 1368 752 1466 opponitur
770 1369 928 1441 mundus
949 1369 1106 1455 futurus,
1129 1373 1204 1440 αἰὼν
1227 1380 1359 1466 μέλλων,
1383 1370 1445 1467 qui
1469 1382 1597 1468 utpote
1626 1371 1665 1441 in

61 1515 252 1575 aeternum
277 1526 443 1590 manens,
461 1500 751 1599 incorruptibilis
772 1514 829 1573 est
849 1505 957 1594 (ων,
979 1502 1049 1594 12).
1069 1501 1263 1574 Saeculum
1281 1527 1457 1600 praesens
1474 1516 1530 1576 est
1550 1502 1663 1601 plaga

61 1649 98 1707 et
119 1635 236 1720 labor,
259 1634 447 1708 saeculum
466 1635 628 1707 futurum
653 1659 789 1707 corona
807 1634 961 1732 gloriae,
981 1635 1079 1734 quod
1100 1660 1174 1707 non
1190 1647 1334 1708 veterat
1353 1661 1429 1717 eos,
1455 1637 1516 1734 qui
1539 1660 1665 1733 perve-

62 1768 169 1840 niunt
184 1767 229 1840 ad
246 1768 338 1841 illud
357 1773 429 1860 (xv,
445 1772 485 1854 ὃς
504 1795 600 1854 κων,
622 1768 695 1864 12).

138 1901 244 1973 Ratio
271 1900 441 1974 miseriae
465 1901 603 1973 saeculi
628 1900 738 1973 huius
762 1912 819 1973 est
846 1901 1112 1999 praevaricatio
1136 1902 1253 1988 Adae,
1277 1902 1338 2000 qui
1364 1901 1521 1976 abscidit
1548 1927 1665 1975 anuos

62 2059 202 2120 eorum,
221 2033 284 2133 qui
300 2033 346 2106 ab
368 2034 451 2132 ipso
466 2033 584 2132 geniti
603 2046 690 2106 sunt
712 2036 814 2129 (xvir,
833 2035 884 2130 3).
904 2036 992 2106 Post
1012 2047 1204 2133 peccatum
1227 2035 1307 2107 eius
1323 2060 1422 2108 mors
1437 2036 1587 2109 decreta
1610 2048 1666 2108 est

62 2169 100 2238 in
121 2192 198 2253 eos
216 2167 279 2265 qui
294 2167 539 2266 gignerentur
560 2172 674 2258 (xxm,
698 2169 748 2261 4).
769 2167 924 2264 Propter
943 2167 1062 2239 Adam
1082 2167 1184 2240 vadit
1203 2166 1400 2241 multitudo
1415 2168 1604 2240 hominum
1620 2168 1667 2241 ad

63 2299 336 2398 corruptionem
356 2303 495 2393 (xnvrn,
517 2301 660 2394 [εἳ-44.)
676 2299 795 2373 Adam
817 2299 964 2398 quidem
987 2300 1131 2373 induxit
1157 2312 1313 2374 mortem
1342 2301 1380 2373 in
1396 2326 1473 2388 eos,
1492 2301 1554 2399 qui
1578 2326 1667 2373 non·

62 2435 150 2507 dum
175 2433 250 2505 nati
276 2447 376 2519 sunt,
406 2434 472 2506 sed
500 2433 755 2531 unusquisque
783 2457 849 2504 sua
877 2432 1026 2531 propria
1047 2433 1260 2531 operatione
1286 2433 1355 2507 sibi
1375 2433 1532 2533 gloriam
1565 2459 1666 2506 com-

63 2579 169 2666 parat
183 2580 246 2640 aut
261 2567 534 2640 damnationem
554 2566 708 2640 incurrit
723 2571 808 2659 (mv,
830 2567 900 2660 15).
920 2561 1181 2666 Unusquisque
1198 2566 1268 2639 sibi
1288 2567 1328 2639 lit
1343 2568 1461 2640 Adam
1482 2572 1568 2659 (arv,
1586 2568 1664 2664 49).

61 2742 113 2755 --
133 2699 312 2798 Sequelae
335 2701 437 2772 Adae
456 2700 599 2797 peccati
619 2712 706 2772 sunt
725 2722 732 2773 :
751 2725 851 2772 mors
871 2712 1118 2797 praematura,
1142 2699 1300 2787 dolores,
1319 2700 1454 2786 luctus,
1473 2701 1667 2799 concupis·

62 2833 184 2906 centia
202 2833 362 2906 sexualis
378 2837 464 2926 (uvi,
482 2833 536 2929 6).
552 2833 670 2905 Adam
687 2833 797 2905 etiam
813 2833 959 2931 angelis
978 2833 1098 2905 factus
1115 2846 1172 2905 est
1185 2832 1419 2931 periclitatio,
1438 2858 1522 2906 nam
1541 2832 1666 2932 angeli

63 2966 236 3039 mulieres
252 2966 516 3065 concupierunt
527 2969 611 3058 (mv,
633 2967 703 3058 13).
723 2964 829 3038 Multi
845 2978 1080 3064 sumpserunt
1094 2967 1139 3039 de
1153 2965 1317 3040 tenebris
1332 2966 1449 3050 Adae,
1462 2991 1528 3039 nec
1543 2966 1667 3039 delec-

60 3100 130 3173 tati
148 3111 234 3172 sunt
248 3099 331 3174 luce
345 3100 517 3173 lucernae
531 3099 647 3196 (xviri,
667 3101 715 3194 2).
731 3141 780 3153 -
798 3099 891 3172 Hinc
907 3101 1074 3198 sequitur
1088 3113 1275 3172 auctorem
1296 3098 1490 3171 admisisse
1506 3099 1666 3197 speciem
1734 3118 1737 3124 ·

63 3233 224 3331 aliquam
251 3246 365 3306 reatus
388 3259 525 3327 poenae,
554 3257 662 3330 quam
689 3233 829 3330 posteri
857 3233 960 3305 Adae
987 3232 1035 3306 ob
1059 3234 1141 3307 eius
1166 3245 1357 3331 peccatum
1381 3231 1664 3318 contraxissent,

63 3380 226 3439 attamen
242 3367 346 3439 Adae
366 3379 671 3465 posterorumque
693 3366 773 3439 eius
793 3365 1021 3439 voluntatem
1043 3379 1127 3464 post
1146 3366 1265 3464 ipsum
1282 3378 1473 3465 peccatum
1493 3365 1667 3439 intactam

63 3523 147 3572 esse
170 3499 376 3585 contendit;
401 3499 517 3597 igitur
535 3499 573 3571 in
594 3499 803 3572 definiendo
825 3499 964 3572 ambitu
985 3512 1109 3572 reatus
1134 3498 1286 3572 huiusce
1307 3524 1448 3598 poenae
1471 3523 1553 3571 cum
1572 3500 1667 3597 dog-

63 3645 162 3705 mate
186 3631 367 3705 catholico
387 3657 461 3704 non
483 3633 632 3705 omnino
648 3632 832 3706 convenit.

140 3765 351 3838 Sententiae
378 3766 551 3838 Auctoris
579 3765 875 3865 eschatologicae
900 3791 973 3839 non
1000 3764 1150 3839 omnino
1175 3765 1295 3838 clarae
1318 3780 1540 3864 apertaeque
1565 3779 1664 3839 sunt.

64 3902 250 3971 Momenta
264 3898 361 3971 enim
376 3899 574 3998 praecipua
590 3899 866 3998 eschatologiae
883 3898 1160 3998 apocalypticae
1177 3926 1185 3969 ε
1202 3899 1310 3996 signa
1325 3899 1473 3997 praevia
1488 3900 1667 3971 adventus

63 4032 236 4117 Messiae,
260 4057 417 4131 regnum
440 4032 534 4118 eius,
551 4031 772 4105 resurrectio
794 4046 1034 4119 mortuorum,
1051 4031 1227 4106 iudicium
1249 4030 1457 4104 universale
1479 4056 1553 4104 non
1573 4056 1668 4104 sem·

62 4190 129 4262 per
162 4165 292 4238 eodem
323 4165 451 4238 ordine
486 4179 690 4238 recurrunt.
720 4168 814 4237 Sunt
846 4165 942 4238 enim
970 4164 1060 4250 loci,
1089 4164 1153 4238 ubi
1185 4189 1341 4263 regnum
1370 4164 1528 4237 Messiae
1559 4165 1668 4238 modo

61 4298 315 4371 chiliastarum
332 4324 430 4372 mere
451 4311 626 4372 terrestre
643 4311 845 4379 statuatur;
867 4298 954 4371 alibi
969 4298 1134 4371 vicissim
1150 4297 1330 4396 apparitio
1347 4297 1505 4371 Messiac
1522 4297 1667 4369 demum

62 4443 148 4529 post
168 4432 478 4505 resurrectionem
499 4444 740 4516 mortuorum,
763 4433 800 4502 in
822 4431 893 4503 fine
913 4432 1054 4519 muudi,
1078 4431 1239 4529 ponitur.

138 4564 347 4637 Adventum
374 4565 533 4638 Messias
558 4565 779 4662 praecedent
805 4563 952 4662 plagae,
976 4590 1067 4662 quas
1092 4576 1194 4637 totus
1223 4564 1323 4638 orbis
1350 4577 1591 4662 percepturus
1612 4576 1669 4635 est

64 4706 176 4794 lxxix,
201 4700 244 4791 1).
257 4697 487 4770 Advenientc
502 4698 640 4770 Messia
652 4696 913 4770 revelabuntur
927 4697 1130 4770 Behemotli
1141 4710 1178 4770 et
1192 4697 1405 4784 Leviatlran,
1420 4698 1514 4771 duae
1525 4695 1668 4770 bestiae

65 4841 249 4929 potentes,
268 4856 422 4927 quarum
443 4855 572 4904 carnes
592 4830 631 4901 in
651 4855 774 4903 escam
797 4831 977 4903 iustorum
1001 4830 1184 4927 repositae
1207 4844 1305 4902 sunt.
1330 4831 1427 4904 Vitis
1451 4842 1486 4903 et
1505 4829 1668 4902 triticum

67 4963 209 5036 dabunt
233 4964 373 5037 fructus
402 4964 515 5037 mirae
539 4964 771 5061 quantitatis,
795 4965 1067 5062 descendetque
1089 4989 1149 5036 ros
1170 4963 1340 5036 sanitatis
1365 4962 1410 5036 de
1436 4964 1537 5036 caelo
1557 4966 1665 5055 (xxix,

130 5321 156 5374 1.
176 5314 225 5377 Cf.
249 5314 380 5390 Weber,
397 5316 449 5377 dic
468 5316 597 5378 Lehren
612 5317 671 5378 dea
691 5317 861 5395 Tamuda,
879 5316 1023 5401 Leipzig,
1044 5320 1131 5377 1880.
1150 5314 1185 5376 ln
1199 5314 1262 5377 alia
1285 5315 1388 5376 lorma
1408 5314 1543 5376 recurrit
1557 5313 1669 5376 eadem

60 5421 138 5482 idea
160 5421 192 5482 in
217 5421 359 5484 Pastore
384 5421 531 5498 Hermae,
557 5423 612 5484 ubi
634 5423 770 5486 llermas
795 5424 827 5485 in
854 5423 957 5485 forma
987 5422 1131 5485 mulieris
1161 5421 1286 5484 vetulae
1308 5421 1469 5504 conspicit
1491 5420 1669 5484 Ecclesiam

63 5529 110 5588 at
125 5530 251 5602 ταύτηνὸ
269 5529 368 5609 κόσμος
381 5532 543 5613 κατηρτίσθη
563 5530 643 5612 (Vis.
664 5553 699 5605 11,
716 5535 746 5606 4,
766 5533 805 5611 1).

129 5641 158 5697 2.
180 5635 242 5719 Op.
258 5639 312 5701 cit.
328 5657 361 5719 p.
379 5643 409 5715 6,
426 5638 458 5699 in
478 5646 553 5699 nota
569 5639 608 5699 ad
626 5637 679 5713 lv,
696 5644 725 5699 3.
