3884 6316
243 450 524 516 SCRIPTORUM
548 451 813 515 TESTIMONIA
836 450 892 513 DE
915 446 1186 513 BARDESANIS
1209 447 1321 526 VITA,
1346 450 1552 517 SCRlPTIS.
1637 460 1694 518 502

92 637 223 705 summi
241 634 370 703 scilicet
383 633 512 726 opificis
528 656 629 725 opera
652 636 749 703 rebus
764 635 806 702 ab
824 655 861 702 eo
879 633 979 724 sactis
999 633 1243 715 attribuerunt,
1263 635 1312 703 sic
1332 644 1369 702 ut
1388 632 1518 704 Filium
1536 646 1567 704 et
1581 637 1695 729 Spiri-

95 780 168 837 tum
184 769 346 838 Sanctam
365 788 441 835 eum
462 766 537 836 istis
553 766 808 859 confunderent.

169 898 1693 995 P.468b=entreats-susurssssesasstarsnamsa»,ruamus-ss,

95 1041 258 1112 saihs·
272 1061 320 1108 ms,
333 1033 420 1104 suen
439 1040 533 1105 *aaa
549 1037 598 1100 tta
616 1042 670 1089 ab
684 1050 730 1112 ,Δ
749 1051 775 1112 ,2
792 1031 887 1104 uzuh
906 1042 962 1097 otus
981 1033 1067 1097 ussa
1084 1041 1138 1089 „ss
1154 1038 1232 1105 xsess
1246 1029 1308 1098 etat
1323 1047 1387 1098 nur
1409 1050 1436 1112 ,x-
1457 1039 1550 1096 stass
1568 1036 1595 1101 ιο
1614 1052 1696 1101 aa·

328 1147 411 1214 sest
424 1156 698 1227 moimmsen
712 1150 724 1214 ι
737 1159 761 1227 ‚s
774 1156 894 1221 was.
908 1155 980 1213 -ta
995 1155 1080 1220 sess
1094 1157 1179 1212 sss,
1190 1145 1308 1229 ussat
1323 1157 1395 1211 osu
1409 1155 1491 1221 aas
1505 1150 1696 1215 mass

168 1267 197 1334 E
217 1265 353 1335 Graecis
371 1274 571 1355 aeceperunt
595 1263 795 1333 uocabulum
817 1263 969 1333 odiosam
991 1264 1154 1332 materiae
1180 1264 1300 1356 turpis,
1329 1264 1422 1334 istud
1446 1265 1612 1335 nimirum
1634 1290 1694 1336 nec

94 1401 225 1489 Moyses
238 1397 274 1466 in
294 1420 356 1466 sno
373 1397 599 1467 Pentateucho
614 1397 779 1478 meminit,
800 1420 859 1467 nec
875 1397 1075 1467 indicarunt
1088 1397 1284 1489 Prophetae,
1306 1420 1364 1467 nec
1378 1398 1528 1489 Apostoli
1543 1399 1695 1469 tradide-

94 1541 190 1599 runt.
220 1533 330 1601 Uorsm
355 1529 477 1622 quippe
505 1559 521 1592 a
547 1532 611 1601 ltio
636 1555 653 1597 o
680 1553 793 1600 omnes
817 1530 887 1623 filii
909 1530 1063 1601 ueritatis
1082 1529 1342 1622 praedicarunt.
1367 1530 1503 1600 Similes
1527 1533 1695 1602 visisunt

93 1666 185 1732 inter
205 1686 240 1732 se
265 1686 378 1734 omnes
400 1664 470 1756 filii
493 1664 664 1734 mendacii
682 1666 743 1755 qui
763 1663 972 1755 scripserunt
997 1663 1095 1733 illam
1120 1663 1328 1753 (materiam)
1348 1665 1521 1733 entitatem
1541 1687 1623 1734 esse.
1652 1669 1696 1735 Et

92 1799 185 1866 hanc
203 1797 338 1888 quidem
358 1820 379 1866 a
401 1798 558 1867 Creatore
575 1797 740 1867 dissidere
761 1797 905 1867 tradidit
922 1796 1090 1879 Marcion,
1112 1795 1295 1888 adscripsit
1313 1797 1413 1866 illam
1435 1798 1537 1867 etiam
1563 1800 1695 1869 Barde-

91 1952 194 2000 sanes
215 1930 252 1999 in
274 1934 363 2021 sacto
382 1927 583 2013 creationis‚·
597 1932 713 1998 Marses
736 1941 849 2000 autem
869 1929 1080 2021 Babylonius
1104 1929 1142 1999 in
1164 1952 1330 1999 carcerem
1359 1930 1523 2021 compepit
1543 1953 1618 2001 cum
1640 1932 1695 2000 de·

93 2065 229 2133 liraret.

171 2196 210 2265 P.
234 2194 305 2264 532
329 2196 355 2265 E
380 2220 387 2264 :
411 2193 588 2291 Loquitur
612 2196 650 2265 S.
671 2194 828 2291 Ephrem
852 2194 898 2266 de
922 2193 1039 2266 tribus
1063 2193 1276 2278 haereticis3
1300 2192 1400 2265 iuxta
1424 2194 1613 2279 editorem,
1638 2219 1693 2266 se-

92 2325 238 2397 cundus
261 2338 317 2398 est
337 2330 463 2399 Manes
479 2338 514 2398 et
533 2326 665 2399 tertius
685 2326 927 2411 Bardesanes‚
946 2327 1011 2398 sed
1031 2326 1100 2398 hoc
1120 2338 1176 2398 est
1195 2324 1440 2423 impossibile,
1459 2352 1543 2399 nam
1563 2327 1693 2399 tertius

92 2459 157 2530 ille
178 2459 311 2532 dicitur
324 2457 621 2556 praecedentium
641 2459 822 2544 alumnus,
841 2459 938 2557 quod
957 2459 1002 2531 de
1023 2458 1194 2532 Manethe
1210 2471 1352 2531 tantum
1367 2458 1438 2531 dici
1454 2471 1588 2557 potest,
1606 2459 1693 2532 dum

92 2592 245 2688 scripsit
278 2594 316 2664 S.
350 2592 509 2690 Ephrem
541 2592 787 2665 Bardesanem
817 2604 980 2691 tempore
1010 2592 1253 2664 antecessisse
1276 2591 1478 2663 Manethi¹.
1508 2594 1605 2664 Haeo
1635 2605 1692 2665 est

92 2749 188 2822 ergo
207 2725 390 2796 sententia
409 2725 569 2797 auctoris
589 2724 651 2823 qui
671 2724 708 2796 in
727 2726 808 2797 loco
829 2725 990 2798 secundo
1009 2725 1170 2823 ponitur,
1192 2724 1301 2797 idest
1324 2723 1544 2797 Bardesanis
1566 2752 1574 2795 ι

91 2856 1632 2945 *seususafsssshtmffsnaotoppsseemarumnosas-:mossur

1460 2989 1532 3040 dmi
1548 2978 1642 3049 uos-lul
1655 2986 1695 3037 osi

168 3091 267 3160 Alius
294 3114 407 3162 aerem
436 3102 468 3161 et
489 3092 603 3183 ipnem
627 3103 658 3161 et
681 3115 806 3185 aquam
830 3091 960 3161 uocauit
985 3090 1050 3161 ltie'
1073 3091 1190 3181 (entia)
1210 3102 1241 3161 et
1264 3080 1369 3183 quum
1392 3090 1492 3159 aliud
1514 3091 1579 3159 ltio
1603 3089 1694 3159 nihil

89 3234 169 3292 erat
183 3235 214 3293 et
234 3225 475 3315 nihilpoterut,
499 3225 592 3295 dedit
606 3227 663 3296 illi
679 3248 799 3295 nomon
820 3226 983 3306 tenebras,
1003 3236 1034 3294 et
1051 3224 1185 3294 vocavit
1199 3235 1311 3293 tomen
1331 3225 1405 3294 ltio.

173 3356 226 3426 Ex
256 3354 313 3426 his
345 3354 506 3428 textibus
536 3369 636 3453 patet
671 3354 916 3427 Bardesanem
947 3354 1120 3426 habuisse
1147 3353 1368 3452 peculiarem
1400 3355 1619 3426 sententiam
1648 3355 1693 3428 de

90 3487 312 3560 formatione
332 3488 471 3561 mundi.
494 3488 613 3560 Finxit
628 3489 808 3560 elementa
827 3487 1048 3585 primitivas
1067 3490 1146 3560 Deo
1165 3499 1300 3572 creata,
1324 3498 1481 3584 quatuor
1500 3489 1688 3568 numero²‚

89 3644 188 3717 quae
212 3620 407 3719 coagulata
432 3620 612 3693 dederunt
636 3622 672 3692 in
702 3621 870 3693 manibus
895 3622 1092 3703 Creatoria
1120 3645 1188 3719 ope
1212 3619 1325 3692 Verbi
1344 3631 1381 3693 et
1403 3619 1580 3717 SpirituS,
1607 3621 1692 3692 uni-

88 3778 240 3823 versum
267 3753 363 3826 hune
384 3754 570 3830 mundum.
595 3754 661 3826 Illa
683 3755 863 3827 elementa
887 3753 1109 3852 designavit.
1132 3766 1170 3824 ut
1191 3753 1227 3824 in
1250 3751 1400 3852 dialogo
1419 3759 1546 3848 Lupum
1569 3759 1692 3847 Rapio·
1786 3791 1788 3794 ·

89 3910 191 3971 num,
210 3912 275 3983 per
294 3912 427 3959 nomen
448 3916 465 3956 u
485 3889 586 3960 Ilien
609 3888 718 3960 idest
738 3887 848 3960 entia.
871 3890 963 3960 Tota
983 3886 1096 3987 igitur
1114 3887 1362 3958 controversia
1383 3898 1461 3958 erat
1481 3886 1525 3958 de
1547 3887 1692 3959 nomine

89 4033 128 4090 et
151 4018 196 4090 de
216 4019 427 4092 delinitione
447 4021 616 4094 nominis,

170 4154 208 4224 S.
223 4153 396 4250 Ephrem
416 4166 591 4227 memorat
610 4155 729 4227 adhue
756 4182 773 4225 a
800 4179 866 4227 ens
888 4182 906 4224 n
928 4154 1025 4252 quod
1044 4167 1197 4226 vocatur
1219 4152 1406 4226 tenebrae.
1430 4153 1589 4226 Probare
1612 4154 1691 4225 vult

89 4285 230 4357 malum
256 4311 329 4358 non
353 4311 434 4359 esse
461 4285 704 4360 substantiam
730 4299 766 4359 et
790 4313 863 4360 non
883 4287 1106 4385 incorporari
1131 4312 1198 4360 nec
1218 4287 1255 4358 in
1278 4286 1440 4361 tenebris
1460 4312 1527 4359 nee
1547 4287 1583 4357 in
1603 4286 1691 4358 dae-

157 4612 164 4648 ⁴
188 4611 223 4674 P.
238 4615 297 4674 487
312 4611 338 4674 F
355 4627 493 4690 :usage
505 4628 583 4700 aas
596 4619 634 4681 ss
647 4625 681 4695 aa
694 4627 787 4698 ap:
798 4620 889 4685 insa,
901 4627 973 4685 ..us
985 4624 1093 4690 ..aaa
1110 4623 1184 4683 aas
1201 4628 1238 4691 a„
1251 4627 1325 4675 ...ss
1337 4617 1525 4692 2212:st
1539 4619 1689 4690 saisita

996 4734 1085 4804 usu
1099 4733 1267 4800 umas-‚s
1281 4734 1420 4808 saepe
1433 4723 1494 4789 sss
1507 4752 1542 4800 aa
1555 4727 1585 4796 ts
1600 4751 1606 4781 ι
1621 4734 1692 4806 με

153 4823 401 4909 Interrogentur
415 4826 455 4888 de
470 4840 579 4889 aetate
592 4850 665 4907 sua,
681 4833 754 4911 quis
769 4830 1025 4891 illorum'senior
1038 4831 1090 4891 sit.
1105 4830 1159 4890 An
1176 4836 1263 4911 sorte
1278 4829 1395 4891 Manes
1405 4830 1690 4911 primogeniturae

87 4935 169 4991 iura
187 4931 252 4992 sibi
267 4933 427 5015 arroget?
441 4937 537 5016 atqui
554 4937 651 5016 prior
669 4935 725 4996 illo
746 4947 794 4996 est
812 4932 1034 4997 Bardesanes.
1056 4934 1160 4997 Hisne
1175 4948 1254 4996 notri
1271 4937 1427 4996 maiorem
1447 4954 1483 4996 se
1491 4932 1690 5016 praedicet.³

87 5039 197 5120 Atqui
212 5041 320 5101 minor
334 5051 384 5101 est
402 5052 484 5101 natu
503 5043 676 5119 manimis;
690 5040 841 5103 Marcion
861 5043 981 5124 quispe
991 5043 1057 5121 suit
1069 5043 1129 5103 illa
1149 5046 1246 5125 spina
1261 5044 1404 5103 omnium
1415 5044 1568 5123 prima...

152 5143 273 5207 ²luxsa
294 5146 429 5228 Moysen
449 5147 512 5209 Bar
535 5146 647 5230 Kepha
670 5149 808 5231 quinque
836 5148 919 5229 (vide
944 5148 1035 5226 inira,
1059 5169 1092 5231 p.
1114 5150 1198 5216 514).
1221 5148 1403 5211 Notandum
1433 5147 1559 5226 sedulo,
1587 5168 1686 5209 unum

90 5252 288 5315 Bardesanis
302 5253 494 5316 elementum
511 5274 582 5316 esse
603 5265 653 5324 uss
675 5255 837 5337 (spiritum
861 5276 917 5316 seu
940 5256 1092 5336 uentum).
1110 5255 1143 5317 S.
1159 5255 1300 5339 Ephrem
1320 5255 1463 5316 nominat
1483 5253 1547 5315 iarn
1563 5252 1641 5316 illud
1657 5254 1688 5315 iu

89 5356 248 5435 hocloco,
265 5368 297 5422 et
313 5370 426 5442 postea
449 5361 501 5442 (el.
520 5361 601 5423 iufra
616 5382 647 5444 p.
670 5367 726 5424 557
743 5361 779 5441 C)
799 5362 911 5424 tribuit
932 5362 1072 5444 gratuito
1095 5361 1272 5424 Bardesani
1295 5361 1450 5444 quasdam
1472 5361 1688 5423 subobscurus

88 5465 260 5548 opiniones
281 5466 320 5529 de
344 5466 472 5549 Spiritu
491 5480 605 5529 sancto
628 5479 708 5544 ugus
722 5479 782 5538 uss.
800 5467 983 5531 VerIsimile
1007 5476 1057 5532 est
1079 5469 1112 5531 S.
1133 5469 1273 5552 Ephrem
1295 5465 1498 5530 transtulisse
1518 5467 1558 5530 ad
1581 5467 1689 5550 Spiri-

87 5584 159 5634 tum
173 5585 325 5635 sanetum
342 5573 497 5658 quasdam
512 5595 607 5638 voees
623 5574 817 5637 Bardesanis
832 5575 870 5637 de
885 5579 1004 5657 spiritu
1022 5596 1078 5639 seu
1095 5589 1186 5638 rento
1208 5596 1264 5639 seu
1284 5596 1372 5654 aere,
1390 5575 1549 5638 elemento
1566 5572 1688 5636 scilicet

85 5679 297 5743 constitutivo
313 5680 422 5743 muudi
436 5681 543 5757 huius,
559 5691 594 5743 ut
608 5691 684 5744 sunt
697 5681 815 5757 lumen,
833 5682 929 5765 ignis,
948 5701 1031 5766 aqua
1046 5691 1077 5746 et
1091 5684 1252 5746 tenebrae.
