3884 6316
234 392 514 458 SCRIPTORUM
537 391 805 457 TESTIMONIA
825 392 882 455 DE
905 390 1176 458 BARDESANIS
1197 391 1310 473 VITA,
1336 394 1541 460 SCRIPTIS.
1630 402 1690 460 521

88 574 255 658 mcuses',
284 575 519 645 commercium
540 575 638 644 liobet
659 597 733 643 cum
755 574 817 644 illo
839 584 871 643 et
893 576 1293 667 qeouitseptcmpoeros
1312 578 1471 667 quisunt
1494 589 1641 668 quotuor
1658 590 1690 648 et

87 709 261 800 octoqiuto
282 731 347 800 per
364 708 520 800 sinqulos
543 731 665 778 amoos.
687 707 733 777 lli
755 718 836 778 suot
854 709 912 778 Dii
930 709 1150 778 Bordesonis.

164 843 264 911 Diooit
282 842 395 911 ocllsuc
413 841 587 911 Christum
603 841 717 935 filium
731 840 793 910 Dei
811 851 932 910 uotum
950 863 1020 910 csse
1044 841 1080 911 in
1101 841 1160 912 Bel
1179 841 1228 931 (io
1249 843 1332 910 liora
1351 843 1465 932 lovis),
1483 844 1688 936 crucifimum
1737 873 1740 880 ·

89 998 162 1044 esse
181 975 217 1044 io
238 975 321 1044 loro
339 975 470 1056 Mortis,
492 975 661 1066 sepultum
677 996 747 1044 esse
765 968 805 1044 iu
816 975 899 1044 loro
918 976 1080 1045 Mercurii
1098 985 1128 1044 et
1147 976 1376 1045 resurremisse
1390 999 1412 1044 o
1427 976 1610 1068 Sepulclsro
1628 979 1689 1047 sul

86 1108 231 1199 planeto
254 1111 339 1178 love.
366 1108 466 1177 Diooit
485 1119 632 1178 mortuos
658 1131 725 1177 ooo
754 1131 942 1198 recurrere,
966 1110 1100 1178 somnio
1125 1131 1195 1177 csse
1212 1110 1358 1189 oerocio,
1382 1119 1414 1178 et
1438 1109 1586 1178 dormire
1612 1133 1688 1180 cum

91 1241 294 1310 mulieribus
317 1242 447 1310 vocavit
472 1241 593 1310 bouum
615 1241 905 1334 purificationem.
927 1241 967 1311 Si
988 1242 1064 1333 quis
1087 1265 1133 1310 eoo
1155 1241 1229 1310 eius
1252 1241 1431 1332 discipulis
1454 1244 1688 1313 commercium

90 1375 227 1445 liaberet
246 1397 324 1444 cum
344 1374 499 1457 muliere,
524 1375 654 1443 dicelot
674 1399 685 1444 .·
705 1374 886 1446 Abstulisti
903 1375 1119 1466 opprobrium
1142 1375 1217 1444 cius
1230 1373 1257 1443 ².

163 1508 377 1577 Borclcsones
395 1508 514 1598 yeoirit
526 1508 617 1600 filios
632 1533 642 1576 .·
656 1508 841 1597 libyorum,
859 1506 1001 1576 Hosoclu
1016 1517 1047 1576 et
1060 1508 1286 1577 Harmonium
1306 1510 1367 1599 qui
1385 1508 1422 1576 iu
1442 1508 1598 1578 doctrino
1616 1509 1689 1598 ejus

88 1651 362 1732 permanserunt.
389 1641 463 1732 Aqi,
496 1641 670 1733 episcopus
694 1651 770 1731 post
797 1642 1022 1732 Hystaspum,
1051 1643 1169 1732 arquit
1193 1640 1295 1710 illum
1325 1652 1356 1710 et
1381 1642 1690 1711 cmcommuoicooit

89 1796 167 1842 cum
181 1796 217 1843 se
235 1774 399 1843 subiicere
418 1773 593 1843 noluisset.
611 1776 655 1842 Et
669 1784 822 1842 mortuus
840 1783 889 1842 est
903 1771 1118 1843 Borclesooes
1136 1796 1228 1843 ortuo
1247 1772 1317 1843 533
1330 1771 1437 1867 (222),
1458 1775 1641 1865 sesooqiuto
1659 1785 1689 1843 et

89 1916 161 1977 octo
174 1929 285 1976 curtos
300 1907 438 1976 uotus³.
460 1907 512 1976 Sit
536 1907 699 1976 memorio·
713 1907 787 1975 cios
806 1907 844 1975 iu
863 1906 1111 1976 meledictione.
1128 1911 1247 1976 Amen.

169 2143 226 2214 16.
256 2147 394 2217 Textus
428 2143 488 2216 ille
518 2143 784 2243 aliquantulum
813 2142 935 2216 differt
965 2143 1002 2215 in
1032 2168 1142 2241 opere
1174 2145 1245 2215 Bor
1278 2142 1436 2217 Hebraei
1467 2144 1526 2216 oui
1559 2143 1689 2217 titulus

91 2280 238 2350 Miserat
259 2277 374 2376 qudi&
391 2277 472 2359 (ssiu
485 2278 578 2356 itini*
595 2276 680 2350 licet
700 2302 773 2349 non
793 2302 838 2349 ex
859 2275 1013 2349 historia
1033 2275 1223 2349 Michaelis
1242 2275 1307 2349 sed
1327 2302 1370 2349 ex
1389 2276 1489 2350 fonte
1505 2277 1688 2350 communi

89 2410 340 2484 verisimiliter
368 2411 583 2508 desumptus
604 2409 652 2482 sit
681 2435 689 2479 :

86 2556 132 2626 »ι
145 2547 223 2619 ω,
237 2556 286 2610 οε»
298 2529 465 2613 Eis-ss·
478 2562 554 2613 issu
570 2544 650 2613 cst·
663 2547 764 2612 uasto
781 2547 842 2612 tao
856 2553 913 2612 oce
932 2543 989 2610 :so
1008 2541 1070 2612 istos
1087 2555 1150 2612 sun
1171 2545 1223 2612 th
1240 2554 1281 2612 oe
1300 2557 1386 2628 utut
1408 2544 1524 2619 stasmi
1540 2543 1649 2610 manto

91 2661 592 2744 .t.ns>·amtmhbi211szets’ni
608 2661 718 2744 timp:
737 2662 791 2733 titos
806 2662 1040 2742 Qoffis
1056 2660 1124 2727 tt&
1141 2658 1440 2743 (itphwtsztta'o
1455 2677 1501 2717 ων
1518 2668 1689 2728 Qut»

88 2772 1091 2860 minimefflrsors-rusesutesmmmtmtt
1116 2764 1689 2854 siolo-ibiifflffitsst-a'uottsssio

88 2890 525 2972 μωριιὶνηνίώξάὶο
546 2890 1687 2974 μνώιμοωίοὶᾱοοέιιμωνῶεβῑιὰιὴὲοὼωων

533 3014 579 3074 stt
593 3005 634 3086 (71
646 3008 707 3091 ts&
719 3015 819 3088 astos
832 3008 942 3073 ,ms
955 3012 1012 3072 sit·
1029 3006 1118 3088 μή
1132 3022 1200 3079 νιν
1212 3014 1261 3064 a&
1274 3007 1364 3073 imi»
1379 3005 1473 3090 Ami
1486 3006 1583 3080 wir
1598 3008 1689 3074 sm

166 3121 340 3195 Haeresis
364 3121 636 3194 decimotertio
660 3122 743 3218 (est)
770 3120 1003 3194 Bordesanis.

164 3258 228 3327 Ille
253 3258 346 3328 clicoit
368 3268 434 3328 tres
455 3280 525 3327 esse
549 3267 693 3327 riuturos
718 3279 863 3349 maclous
884 3281 894 3326 :
916 3267 1071 3340 montom,
1090 3255 1277 3349 potentiam
1304 3266 1334 3324 et
1357 3255 1637 3346 iutelliqeotiom,
1657 3268 1689 3325 et

87 3401 237 3482 quotuor
260 3391 353 3460 cotio
381 3391 469 3485 (trit)
495 3402 526 3460 ct
558 3391 701 3461 mundos
728 3387 800 3459 366
826 3412 977 3460 numero.
1005 3392 1049 3459 Et
1074 3388 1134 3459 ille
1160 3388 1221 3481 qui
1248 3389 1379 3459 locutus
1402 3400 1452 3458 est
1475 3413 1550 3459 cum
1577 3393 1688 3482 Moyse

88 3535 120 3595 ct
139 3525 316 3615 prophetis
333 3534 382 3593 est
404 3525 633 3615 orclooyclus
657 3535 689 3593 et
712 3547 788 3593 cum
812 3525 877 3592 Deo
902 3520 997 3619 (lege
1021 3547 1028 3590 :
1054 3544 1121 3591 nou
1145 3521 1251 3614 deus).
1274 3524 1318 3592 Et
1340 3522 1453 3591 Morio
1480 3545 1547 3591 noo
1568 3524 1687 3613 ycuuit

87 3679 210 3748 corpus
239 3657 381 3727 mortale
412 3658 470 3727 secl
500 3658 654 3727 animam
686 3658 864 3748 luciferum
891 3678 978 3748 quoe
1007 3678 1178 3725 assumere
1205 3657 1280 3724 oiso
1308 3665 1356 3724 est
1387 3658 1529 3747 speciem
1556 3655 1681 3726 comis.

87 3792 189 3860 Diooit
218 3793 340 3860 iterum
361 3792 500 3881 ooqclos
521 3787 594 3883 (hic
621 3787 726 3860 adest
747 3788 878 3860 lacuna
902 3786 939 3859 in
964 3791 1088 3880 sensu)
1107 3800 1139 3857 ct
1162 3789 1280 3858 stellas
1303 3789 1464 3858 membra.
1494 3792 1537 3857 Et
1560 3789 1684 3859 dimit:

87 3926 179 3992 sicut
196 3927 295 3993 Lurco
318 3926 417 3994 exuit
443 3924 558 3993 lumen
581 3946 681 3993 suum
700 3946 763 4015 per
786 3922 942 4015 singulos
967 3944 1096 3991 menses
1122 3932 1153 3990 et
1176 3921 1284 3991 iutrot
1302 3922 1405 3991 semel
1426 3923 1472 3991 orl
1495 3922 1616 4005 Solem,
1637 3922 1685 3991 ito

88 4058 192 4126 etiom
221 4067 363 4125 motrcm
396 4058 485 4126 vitoe
512 4079 638 4127 emuere
663 4057 900 4126 vestimentum
930 4078 1031 4125 suum
1062 4065 1093 4124 ct
1121 4054 1252 4124 intrare
1277 4055 1323 4124 orl
1347 4057 1482 4125 Putrem
1510 4056 1598 4125 vitoe
1622 4078 1687 4146 per·

87 4189 245 4279 sinqulos
267 4212 395 4258 menses
424 4190 525 4259 semel
547 4201 579 4259 et
604 4192 839 4260 commercium
864 4190 983 4259 tolero
1004 4211 1081 4258 cum
1109 4188 1170 4258 illo
1197 4199 1228 4257 et
1252 4210 1415 4281 qerscrore
1436 4199 1559 4281 septem
1581 4191 1682 4258 oices.

87 4324 132 4391 Et
151 4322 245 4391 cliocit
267 4323 440 4393 Christum
465 4334 584 4393 ootcrm
604 4325 730 4393 esseio
751 4324 834 4392 liora
853 4321 940 4406 Beli,
961 4322 1167 4415 crucifiooom
1189 4324 1314 4391 esseio
1335 4323 1418 4391 lsoro
1438 4323 1558 4392 Mortis
1579 4333 1610 4392 et
1629 4345 1684 4391 re-

85 4457 281 4525 surremisse
307 4457 429 4525 iterum
454 4458 492 4526 io
518 4457 603 4526 loro
631 4456 719 4528 Beli.
750 4456 892 4546 Neycoit
920 4458 1021 4525 ctiom
1051 4455 1343 4536 resurrectionem,
1366 4465 1397 4523 et
1428 4455 1684 4524 osotrimomium

84 4588 218 4657 ¹vocooit
232 4589 523 4681 purificationem.

150 4875 158 4912 ⁴
178 4875 282 4938 Biduo
294 4880 329 4939 in
345 4877 465 4939 codice.

148 4982 161 5019 ²
178 4982 227 5045 Cr.
242 4982 363 5057 lsoias,
381 5006 423 5058 iv,
445 4990 459 5046 1
477 5005 485 5045 :
506 4986 764 5069 Apprelrendent
781 4999 902 5068 septem
918 4986 1072 5047 ncoliercs
1092 4988 1195 5048 oirom
1213 5007 1313 5046 onum
1331 4988 1364 5046 in
1380 4985 1432 5047 die
1447 4986 1507 5048 illo
1520 4984 1684 5063 diceutes:

93 5088 332 5150 Tantummodo
350 5093 517 5152 corocetor
530 5112 648 5155 nomen
663 5105 753 5155 tuum
768 5113 870 5175 super
883 5112 953 5170 nos,
970 5094 1069 5174 auser
1083 5091 1296 5173 opprobrium
1311 5103 1471 5153 nostrum.

150 5195 163 5231 ³
178 5192 270 5257 Unde
284 5205 378 5258 natus
392 5206 441 5259 est
455 5217 538 5260 anno
556 5203 623 5273 154,
643 5199 764 5262 scilicet
783 5198 893 5262 decem
913 5199 1005 5260 annis
1020 5208 1093 5281 post
1114 5197 1223 5281 iugem
1239 5206 1407 5281 parentum
1422 5218 1439 5261 o
1455 5198 1576 5262 Persia.

150 5300 162 5336 ⁴
185 5301 210 5362 E
225 5301 335 5364 codiee
349 5301 524 5366 Parisiensi
539 5309 608 5381 210,
625 5304 680 5368 fol.
698 5310 765 5368 176.

150 5407 163 5445 ⁵
186 5406 271 5491 Lege
285 5429 320 5478 to·

151 5514 164 5551 ⁶
185 5513 245 5577 Hic
259 5514 351 5578 adest
364 5515 478 5579 lacuna
493 5517 525 5581 in
540 5539 647 5582 sensu.

151 5621 164 5656 ⁷
186 5641 243 5709 Q
259 5622 331 5684 cod.
