3884 6316
277 395 334 459 DE
358 395 629 460 ARGUMENTO
651 395 706 459 ET
733 394 886 460 MUTUA
909 336 1155 459 natatione
1176 395 1497 461 RECENSIONUbl.
1622 401 1681 459 683

82 587 176 678 tyrio
200 597 231 655 ct
259 598 378 656 ntortcs
405 597 436 655 et
453 587 584 656 iudicia
603 587 853 678 descripsimus,
874 586 1013 678 qnidam
1037 609 1151 657 eoram
1184 589 1308 657 nostris
1329 587 1445 657 diebos
1475 587 1680 679 martyriam

80 721 267 803 subierant,
306 742 387 811 accos
418 730 450 789 et
483 720 652 802 vidimas;
680 720 740 810 qai
776 742 853 788 vero
881 720 1067 788 anteriores
1100 720 1194 789 scobis
1226 723 1367 810 [nerant
1398 743 1443 789 en
1477 743 1533 789 ore
1562 743 1680 790 sensim

80 854 309 945 episcoporum
336 864 367 923 et
388 854 659 944 presbyterorum
681 853 855 922 veracium
876 863 908 922 et
925 852 1090 943 fideliam,
1110 853 1171 944 qai
1193 853 1352 923 viderant
1375 863 1407 922 et
1432 854 1549 922 diebus
1567 875 1681 922 eorum

80 989 255 1070 uicerunt,
281 996 438 1056 enectam
458 1009 572 1056 eorccm
595 986 772 1055 historiam
794 986 1068 1078 conscripsimus.
1090 1010 1107 1051 s

157 1252 192 1322 4.
217 1248 394 1348 Epilogus
424 1248 482 1321 hic
514 1248 610 1322 clare
642 1249 749 1322 docet
775 1259 961 1322 auctorem
991 1248 1029 1320 in
1055 1248 1204 1322 Perside
1227 1248 1376 1334 vixisse,
1403 1274 1485 1322 cum
1509 1249 1608 1321 dicat
1640 1274 1679 1321 se

82 1408 148 1455 eos
172 1383 360 1455 dumtaxat
380 1393 559 1481 martyres
584 1394 791 1479 compertos
816 1381 951 1454 babere
972 1381 1033 1480 qui
1054 1381 1125 1454 sibi
1149 1407 1262 1480 prope
1286 1382 1437 1467 luerint;
1460 1381 1550 1454 haec
1569 1381 1680 1454 verba

80 1517 143 1587 vix
175 1517 340 1588 Matutae
374 1528 475 1599 sunt,
505 1514 567 1613 qui
601 1514 787 1614 legatione
820 1515 980 1613 iungens
1014 1513 1113 1586 band
1141 1513 1204 1585 diu
1233 1515 1269 1586 in
1301 1515 1451 1588 Oriente
1485 1513 1677 1597 remansit,

80 1648 235 1746 proinde
256 1647 316 1719 vix
339 1647 461 1720 dicere
485 1647 604 1744 potuit
627 1647 770 1746 aliquos
794 1646 863 1719 sibi
891 1671 1018 1745 prope,
1043 1646 1184 1746 aliquos
1208 1647 1334 1745 procul
1352 1647 1479 1719 inisse.
1499 1647 1598 1719 Idem
1621 1671 1681 1718 se-

82 1781 207 1879 quitur
222 1779 392 1866 acerbis,
416 1804 508 1878 quae
535 1792 721 1854 auctorem
748 1779 897 1853 ultimos
921 1791 1101 1878 martyres
1123 1780 1390 1878 persecutionis
1412 1778 1607 1877 Saporicae
1624 1778 1681 1850 vi-

82 1913 183 1985 disse
203 1925 386 1987 asserunt.
411 1912 554 1985 Etenim
578 1914 722 1986 Marnta
746 1925 910 2011 tempore
937 1912 1137 2012 lendegerd
1161 1913 1264 2012 regis
1289 1913 1386 2008 (inde
1407 1911 1452 1984 ab
1477 1936 1573 1985 anno
1597 1912 1681 2007 399)

84 2046 272 2119 Persidem
298 2046 435 2132 adibat,
463 2070 530 2118 nee
555 2045 744 2143 probabile
769 2057 826 2118 est
851 2045 1044 2143 episcopos
1072 2046 1262 2119 «Caesari
1284 2077 1301 2113 »
1322 2045 1490 2118 subditos
1518 2057 1682 2143 tempore

84 2178 235 2276 Saporis
256 2179 481 2251 territorium
504 2178 636 2251 hostile
659 2178 809 2251 visitare
835 2177 1012 2275 potuisse,
1035 2178 1124 2276 quin
1154 2191 1270 2252 semet
1292 2179 1395 2278 gravi
1421 2177 1584 2277 periculo
1607 2202 1682 2249 car·

84 2311 180 2384 ceris
198 2312 456 2409 exposuissent
479 2324 520 2385 ut
540 2339 558 2381 a
581 2312 832 2410 exploratores
856 2338 874 2381 a
904 2325 940 2384 et
963 2338 981 2381 e
1009 2312 1188 2384 emissarii
1211 2339 1228 2382 n
1255 2311 1436 2396 Caesaris,
1461 2309 1681 2383 christianos

83 2444 133 2517 ad
152 2444 388 2517 rebellionem
409 2445 640 2517 seducentes.
667 2445 808 2540 Quodsi
826 2443 942 2543 igitur
964 2455 1090 2517 auctor
1114 2468 1154 2517 se
1174 2443 1323 2516 ultimos
1345 2457 1524 2542 martyres
1544 2442 1682 2515 vidisse

83 2591 239 2663 asserat,
263 2577 496 2651 manifestum
525 2590 582 2650 est
608 2603 690 2650 eum
726 2576 981 2651 collectionem
1004 2577 1111 2650 istam
1136 2576 1283 2649 saecule
1310 2578 1360 2649 lV
1385 2587 1539 2649 exeunte
1564 2589 1627 2648 aut
1649 2577 1682 2648 V

83 2709 233 2783 ineunte
262 2709 494 2808 compilasse.
526 2713 602 2782 lmo
630 2723 776 2808 tempus
803 2709 1025 2784 exarationis
1052 2722 1215 2782 aetorum
1243 2710 1437 2781 Assemani
1476 2708 1681 2782 accuratius

82 2843 203 2915 adhuc
234 2842 468 2916 determinari
495 2844 642 2941 poterit,
672 2843 702 2916 si
738 2857 877 2917 certum
913 2855 969 2917 est
998 2867 1202 2942 sermonem
1231 2842 1333 2914 illum
1363 2841 1679 2926 introductoriam,

82 2975 130 3046 de
155 3001 227 3073 que
257 2976 293 3047 in
313 2975 425 3050 citato
459 2974 607 3076 epilogo
627 2976 802 3075 loquitur,
817 2976 973 3049 eundem
998 3000 1093 3059 esse,
1118 3000 1226 3075 quem
1250 2975 1331 3048 eod.
1354 2977 1438 3048 Vat.
1469 2977 1585 3073 Syrus
1613 2974 1679 3045 161

81 3108 343 3206 fragmentaric
363 3120 505 3181 tantum
529 3090 705 3182 continet.
730 3113 802 3182 Res
824 3109 950 3209 nequit
968 3120 1067 3182 certo
1083 3108 1174 3183 erui.
1192 3107 1314 3182 Verba
1330 3107 1426 3181 enim
1442 3106 1579 3205 epilogi
1599 3131 1684 3204 sup·

81 3253 224 3338 ponunt
248 3266 453 3314 sermonem
475 3241 782 3315 introductorium
805 3253 1041 3340 conspectum
1067 3242 1277 3339 generalem
1300 3249 1467 3336 [actorem
1492 3239 1682 3313 historico·

82 3399 165 3444 rum
186 3373 410 3460 exhibuisse,
430 3387 553 3447 monet
577 3375 674 3447 enim
699 3401 741 3447 ne
766 3379 841 3470 qais
863 3388 960 3470 patet
977 3400 1018 3446 ea
1038 3378 1212 3446 anteriora
1231 3400 1300 3447 esse
1320 3378 1455 3447 tributis
1475 3375 1683 3446 Christianis

82 3510 252 3600 impositis
271 3520 303 3578 et
321 3510 421 3591 carecto
446 3522 650 3602 martyrum,
677 3507 923 3608 fragmentum
944 3519 1066 3580 autem
1086 3506 1176 3580 illud
1194 3507 1285 3580 nihil
1301 3506 1479 3579 eiusmodi
1499 3504 1678 3590 continet3

83 3665 129 3711 ex
145 3639 258 3711 altera
274 3652 396 3712 autem
412 3653 514 3737 parte
531 3653 657 3713 notum
678 3655 734 3715 est
749 3642 827 3715 cod.
848 3644 933 3714 vat.
951 3652 1060 3738 atque
1074 3640 1271 3713 editionem
1288 3639 1439 3737 Bedjan,
1462 3663 1553 3737 qnae
1573 3637 1681 3736 paulo

83 3770 168 3868 plus
184 3771 307 3857 habet,
328 3773 419 3844 duas
439 3785 580 3845 tantum
607 3774 787 3846 sermonis
810 3786 933 3871 partes
948 3772 1137 3859 exhibere;
1155 3772 1262 3845 tertia
1281 3796 1366 3870 pars
1384 3771 1501 3857 deest,
1519 3784 1559 3844 ut
1576 3771 1683 3843 docet

84 3916 173 3976 nota
204 3904 347 4002 syriaca
376 3904 474 4002 apud
503 3907 643 4005 Bedjan
664 3908 714 4004 (p.
741 3908 801 3992 57,
825 3932 860 3977 n.
886 3904 1311 4003 oppineimense
1337 3904 1424 3976 folia
1451 3904 1488 3975 in
1512 3927 1682 3975 mensura

85 4045 259 4117 editionis
273 4071 360 4118 suae
376 4046 548 4143 periisse;
563 4046 647 4119 hine
661 4045 889 4147 impossibile
903 4072 975 4119 non
992 4059 1047 4119 est
1060 4046 1263 4119 orationem
1276 4045 1375 4118 illam
1391 4045 1495 4117 initio
1511 4069 1682 4141 eonspec-
1727 4144 1729 4149 ,

84 4192 163 4251 tum
180 4177 393 4251 historicum
410 4179 633 4266 exhibuisse,
652 4193 760 4277 prout
782 4205 908 4254 revera
927 4205 1047 4252 sermo
1068 4178 1128 4251 ille
1145 4203 1407 4278 saepenumero
1428 4177 1464 4248 in
1481 4189 1582 4249 textu
1602 4176 1681 4274 ipso

86 4311 252 4383 eiusdem
275 4337 365 4384 voce
384 4334 437 4390 issi
465 4340 482 4382 <c
506 4312 658 4385 historia
681 4341 698 4383 r
718 4313 932 4413 designatur
946 4316 969 4383 ¹.
988 4316 1040 4385 Ex
1060 4312 1173 4384 altera
1195 4323 1312 4410 parte,
1331 4336 1373 4383 ea
1393 4335 1485 4409 quae
1506 4311 1550 4382 de
1570 4334 1681 4407 argu-

87 4456 211 4516 mento
227 4444 508 4517 introductionis
525 4447 562 4517 in
584 4446 731 4545 epilogo
755 4447 865 4519 citato
882 4447 1058 4518 Actorum
1074 4444 1317 4542 ‘Alkebsmae
1339 4444 1508 4516 dicuntur
1527 4441 1682 4514 orationi

87 4577 172 4649 huic
198 4577 471 4650 accuratissime
491 4578 723 4651 conveniunt.
744 4580 883 4652 Auctor
898 4579 1067 4651 nimirum
1088 4603 1255 4651 sermone
1271 4577 1338 4650 hoe
1354 4602 1481 4650 omnes
1497 4589 1676 4679 martyres

86 4708 249 4781 Orientis
273 4708 434 4781 celebrat
450 4710 567 4808 primo
591 4711 703 4800 viros,
728 4711 812 4783 dein
835 4711 1042 4784 mulieres².
1066 4710 1152 4783 Sine
1173 4710 1284 4783 dubio
1308 4711 1353 4782 ad
1380 4709 1683 4782 introductorium

88 4865 294 4913 sermonem
311 4841 420 4914 istum
439 4855 579 4940 spectat
599 4842 756 4916 obiectio
776 4869 884 4941 quam
905 4842 974 4916 sibi
992 4843 1203 4915 solvendam
1219 4844 1256 4914 in
1273 4843 1420 4942 epilogo
1436 4842 1533 4914 dicto
1549 4866 1684 4940 propo·

88 4974 163 5045 nit:
182 4977 241 5044 ccli
254 4977 325 5046 siat
339 4978 574 5048 tribulationes
588 4990 619 5049 et
635 4982 807 5050 craeciatus
825 4981 939 5049 amari
956 4990 986 5048 et
1001 4980 1169 5071 pessimae
1190 4990 1311 5049 mortes
1333 4977 1368 5047 in
1384 4975 1501 5073 primo
1517 4999 1683 5048 sermone

89 5105 398 5204 descriptaeiCui
419 5107 615 5181 obiectioni
635 5108 731 5181 viam
749 5110 986 5208 praecludere
1003 5109 1143 5195 volens,
1162 5109 1359 5207 respondet
1379 5134 1418 5181 se
1442 5109 1479 5180 in
1498 5109 1602 5181 Actis
1621 5133 1684 5181 eos

90 5250 233 5310 tantum
251 5240 471 5337 respexisse,
494 5241 555 5338 qui
570 5240 639 5312 sibi
660 5243 865 5329 innotuere,
887 5268 1040 5341 quorum
1055 5241 1201 5342 plurimi
1220 5242 1257 5314 in
1271 5242 1350 5340 ipsa
1373 5241 1586 5316 collectione
1607 5242 1685 5315 sine

155 5530 163 5565 ⁴
183 5529 238 5592 Sic
252 5550 328 5613 pag.
343 5536 393 5607 65,
410 5537 460 5607 81,
476 5532 526 5595 ed.
544 5532 676 5616 Bedjan.

155 5635 216 5697 2Ρ.
234 5634 367 5719 Bedjan,
384 5636 469 5700 Acta
482 5653 716 5735 martyromet
727 5655 928 5722 sanctornm,
943 5652 967 5708 t.
984 5641 1024 5719 ll,
1043 5642 1181 5726 Lipsiae,
1200 5645 1287 5718 1891,
1305 5663 1336 5726 p.
1351 5647 1388 5707 81
1402 5663 1474 5727 sqq.
