3878 6316
160 364 218 422 692
648 410 652 417 .
694 357 937 425 PRAEFATIO
958 399 998 409 -—
1021 360 1161 427 CAPUT
1184 362 1239 426 lll.

159 560 345 649 gerentur.
366 551 491 646 ltaque
516 547 614 620 haud
641 549 771 620 mirum
802 549 1030 622 Christianos
1057 551 1182 624 odium
1207 577 1382 651 magnum
1407 554 1585 625 adversus
1606 578 1760 651 oppres-

159 707 261 755 sores
293 707 379 754 suos
409 681 634 780 concepisse,
660 681 712 753 uti
736 706 913 779 responsa
943 684 1171 781 quorundam
1198 686 1403 782 Martyrum
1425 684 1550 783 inepta
1579 686 1673 758 satis
1699 686 1759 758 de-

159 829 377 887 monstrant.

232 948 303 1021 Sed
332 960 527 1045 antequam
555 972 691 1019 annum
722 948 887 1047 martyrii
913 948 951 1022 S.
981 949 1164 1022 Simeonis
1201 949 1458 1046 inquirendum
1491 951 1752 1050 suscipiamus

156 1082 335 1179 quaedam
350 1082 395 1154 de
411 1084 549 1180 Sapore
568 1080 835 1179 praemittenda
856 1093 953 1167 sunt,
972 1107 1064 1179 quae
1088 1106 1199 1154 causa
1220 1082 1367 1155 luerunt
1387 1097 1538 1156 eventus
1564 1084 1675 1156 huius
1697 1086 1754 1157 fu-

156 1214 430 1297 nestissimi;in
460 1240 532 1311 quo
556 1213 707 1313 negotio
741 1212 932 1285 historiam
958 1213 1192 1312 potissimum
1224 1240 1244 1286 a
1279 1215 1413 1287 ‘labari
1445 1230 1632 1290 exaratam
1672 1231 1753 1290 eta

156 1348 210 1421 Cl.
229 1348 393 1420 Naldclre
405 1347 621 1419 translatam
636 1359 672 1419 ct
687 1346 899 1419 doctissime
915 1347 1128 1420 adnotatam
1148 1348 1335 1446 sequimur
1347 1352 1369 1421 ¹.

226 1625 261 1694 2.
289 1626 417 1720 Sapor,
445 1650 462 1691 a
485 1647 548 1694 rex
571 1647 701 1721 regum
723 1649 754 1707 a,
777 1622 831 1693 uti
851 1647 959 1722 reges
985 1627 1179 1697 Persarum
1206 1648 1245 1697 se
1268 1624 1369 1722 ipsos
1391 1624 1499 1697 titulo
1524 1625 1597 1697 isto
1620 1650 1750 1725 regum

153 1757 384 1853 antiquorum
411 1756 483 1827 iam
508 1782 528 1826 a
552 1753 663 1826 Dario
686 1755 823 1828 usitato
848 1755 1136 1853 insignierunt²,
1162 1801 1212 1810 —
1230 1757 1328 1829 filius
1352 1770 1441 1830 natu
1463 1756 1637 1830 minimus
1660 1761 1749 1832 Hor·

152 1890 304 1972 mizdae,
328 1914 423 1960 anno
443 1888 514 1960 309
527 1912 683 1987 regnare
703 1888 824 1986 coepit
843 1901 879 1961 et
895 1914 1013 1962 annus
1031 1890 1171 1987 primus
1192 1889 1297 1989 regni
1319 1889 1399 1962 eius
1419 1915 1439 1960 a
1459 1888 1517 1962 die
1534 1892 1555 1961 5
1577 1894 1747 1990 Septem-

153 2023 227 2095 bris
242 2022 328 2093 anni
344 2018 508 2094 ciusdem
523 2033 754 2119 computatur
767 2025 793 2091 ³.
812 2021 914 2094 Licet
933 2021 1029 2094 filius
1045 2036 1237 2120 postumus
1253 2022 1471 2095 llormizdae
1487 2023 1596 2095 luerit
1613 2038 1649 2096 et
1673 2024 1746 2096 ira-

149 2169 224 2227 tres
252 2169 340 2227 natu
373 2153 530 2226 maiores
557 2153 738 2238 habuerit,
767 2155 871 2252 regni
898 2154 1083 2253 principes
1111 2155 1284 2253 deposito
1310 2166 1460 2252 propter
1490 2156 1744 2229 crudelitatem

148 2287 395 2371 aldharnarse,
412 2298 608 2384 spretoque
624 2287 820 2358 Hormizda
835 2286 946 2359 fratre
964 2287 1092 2372 altero,
1109 2288 1171 2385 qui
1187 2300 1382 2384 postquam
1399 2287 1436 2358 in
1452 2312 1636 2360 carcerem
1655 2314 1743 2362 eon-

149 2421 265 2493 iectus
285 2433 341 2492 est
361 2419 445 2493 inde
466 2419 582 2493 evasit
601 2432 637 2491 et
661 2419 707 2491 ad
731 2422 914 2492 Romanos
941 2420 1120 2520 confugit,
1143 2435 1252 2518 atque
1274 2433 1468 2493 excaecato
1492 2421 1615 2507 tertio,
1640 2422 1744 2495 cuius

147 2580 192 2626 nc
207 2578 339 2626 nomen
364 2553 510 2650 quidem
535 2555 714 2636 constat⁴,
733 2556 921 2651 Saporem,
938 2553 1058 2626 adhuc
1088 2554 1125 2625 in
1147 2568 1251 2626 utero
1278 2553 1405 2626 matris
1422 2553 1596 2626 latentem
1616 2580 1743 2654 regem

144 2687 426 2784 proclamarunt.
451 2688 631 2757 Eventum
650 2685 761 2757 istum
786 2685 1012 2785 singularem
1036 2687 1089 2760 sic
1111 2700 1236 2759 narrat
1253 2686 1437 2785 Agathias
1459 2686 1739 2760 Scholasticus:

215 2826 292 2891 Post
321 2818 578 2912 [llormizdam]
608 2821 716 2912 Sapor
735 2822 887 2912 phulace
917 2823 1182 2915 loapissa‘moqae
1206 2834 1349 2913 tempore
1380 2844 1493 2891 remam
1523 2825 1653 2913 potitus
1678 2835 1737 2899 est.

141 2959 263 3047 qetippe
283 2965 328 3024 tot
350 2956 454 3023 uanis
480 2955 639 3044 rapaaeit
664 2966 742 3046 quot
761 2966 791 3024 ct
817 2957 1051 3026 vicianum
1074 2957 1165 3026 caira
1189 2955 1305 3025 adduc
1331 2955 1443 3046 ipsam
1472 2967 1566 3025 utero
1589 2967 1743 3046 pestanta

138 3091 227 3180 rapti
244 3089 378 3179 pencris
401 3089 564 3157 successio
590 3088 726 3157 uocabat
755 3088 801 3158 ad
819 3111 974 3179 acquum,
998 3090 1086 3180 qaod
1113 3091 1189 3181 ipsa
1208 3099 1291 3169 essct
1309 3088 1488 3179 paritura.
1512 3090 1742 3159 dubitabatur

140 3245 215 3290 earo
234 3221 424 3290 masculum
444 3244 490 3290 aa
509 3221 680 3310 [catellam
699 3232 782 3290 essct
798 3232 902 3313 partu
916 3222 1065 3292 edittae.
1087 3225 1258 3292 Primores
1281 3223 1396 3313 itaque
1412 3222 1512 3311 repa-i
1525 3225 1685 3312 praemia
1701 3247 1741 3292 ac

137 3356 226 3424 dona
243 3364 490 3446 proposuerunt
510 3357 630 3445 inopis,
657 3365 695 3423 ut
720 3356 760 3424 dc
781 3356 910 3446 [attaris
928 3356 1173 3447 praedicerent.
1197 3358 1330 3447 Equam
1366 3357 1479 3446 itaque
1498 3355 1680 3446 providam
1702 3357 1738 3425 ia

139 3487 285 3557 arcadiam
298 3487 475 3571 addaauat
493 3489 563 3556 iam
583 3489 706 3578 partui
718 3491 920 3580 proximam
941 3490 1188 3581 iusseruntque,
1213 3500 1250 3557 ut
1269 3488 1365 3579 mapa'
1382 3489 1422 3557 de
1447 3488 1510 3556 leae
1524 3490 1628 3579 prius
1645 3491 1738 3558 eati·

138 3621 347 3702 citarentur,
371 3621 459 3712 quod
471 3622 627 3712 patarum
646 3622 837 3691 censebant.
861 3624 915 3691 lta
934 3625 1025 3692 caim
1044 3623 1164 3714 paucis
1183 3633 1260 3714 post
1278 3622 1473 3711 capaituros
1493 3620 1732 3703 accendebant,

134 3777 220 3845 quae
250 3754 388 3823 illorum
408 3753 577 3823 disriaatio
598 3754 750 3824 evaderet
772 3765 872 3845 atque
896 3755 974 3824 laiac
998 3756 1193 3825 collecturos
1216 3755 1363 3824 similem
1398 3763 1552 3822 euentum
1574 3753 1735 3823 lala-'tura

133 3888 236 3956 otiam
262 3911 348 3978 qaaae
374 3887 414 3956 de
440 3887 574 3956 acaciae
600 3888 891 3979 praedicerentur.
922 3889 1011 3972 Quid
1045 3898 1159 3958 autem
1193 3888 1233 3958 de
1267 3910 1352 3979 equa
1384 3886 1615 3956 ‹licinaaariat
1646 3888 1736 3957 ailail

134 4020 263 4111 liquido
282 4023 407 4111 possim
429 4021 610 4114 affirmare,
639 4043 743 4112 aeque
761 4023 853 4090 etaim
879 4021 968 4090 asili
988 4023 1070 4090 certi
1090 4021 1275 4113 quidquam
1295 4044 1335 4090 ca
1363 4020 1403 4088 de-
1423 4042 1459 4088 re
1481 4029 1531 4088 est
1553 4020 1736 4089 renuncia-

134 4165 216 4236 tum,
241 4165 384 4223 catarum
411 4156 461 4223 ita
491 4154 633 4244 stapulo
660 4165 843 4223 euenerant
865 4165 904 4223 ut
930 4154 988 4224 illi
1010 4156 1270 4246 praedicarant.
1302 4157 1386 4223 Cum
1418 4154 1533 4243 itaque
1555 4174 1601 4221 aa
1628 4175 1669 4221 ca
1699 4176 1735 4222 rc

132 4290 215 4357 serti
228 4287 353 4355 sanant
368 4310 483 4376 mapos
502 4287 718 4357 vaticinandi
736 4299 843 4357 artem
863 4288 985 4379 optime
1004 4288 1137 4367 callere,
1158 4296 1390 4379 provoca-ruat
1412 4296 1645 4377 raparumque
1662 4308 1727 4363 eos,

132 4431 170 4489 ut
183 4421 286 4490 etiam
302 4420 342 4488 de
357 4420 508 4502 aaaulierc,
529 4424 745 4512 quaestuum
760 4431 904 4502 acescat,
923 4421 1156 4512 caplicarcat;
1172 4422 1322 4512 quicum
1339 4418 1579 4510 responderent
1594 4441 1732 4487 masau-

133 4555 202 4623 lam
219 4554 346 4645 prolem
358 4555 567 4645 parituram,
588 4554 678 4623 ailail
701 4554 794 4623 ultra
814 4557 938 4623 morati
961 4564 1052 4637 salat,
1071 4555 1129 4623 scd
1149 4554 1261 4624 cidari
1279 4563 1377 4623 atero
1400 4551 1559 4642 imposita
1574 4552 1731 4642 emlrpo-

194 4779 279 4845 *Tu
301 4780 454 4854 Noldekc‚
478 4779 666 4843 Gesclu'clatc
690 4780 751 4841 der
771 4780 893 4843 Persea·
913 4781 983 4843 uad
1000 4781 1133 4843 Araban
1152 4803 1215 4842 zur
1238 4780 1309 4842 an't
1339 4779 1399 4839 der
1422 4776 1639 4855 Sassaniden,
1666 4799 1731 4839 aus

132 4886 190 4946 clar
217 4888 413 4948 arabica-laea
435 4886 581 4950 Caronik
602 4888 659 4948 des
686 4887 811 4948 Tabari
834 4888 995 4949 ubersetzt
1016 4886 1086 4948 uad
1107 4891 1165 4949 mit
1189 4885 1441 4968 cassatracaen
1462 4883 1731 4968 Ertaateraagen

133 4993 204 5053 aad
217 4994 456 5078 Ergaazuagea
471 4995 616 5071 versalia,
635 4993 774 5075 Leydcn,
799 4999 886 5056 1879.

191 5100 203 5137 ²
221 5100 399 5175 Sahansuh,
416 5123 480 5185 quo
495 5101 586 5163 titulo
602 5101 776 5186 insignitur
794 5102 890 5163 etiam
910 5102 941 5162 in
957 5102 1046 5164 Actis
1060 5101 1248 5184 Martyrum.
1267 5099 1302 5161 ln
1318 5096 1592 5181 inscriptionibus
1605 5095 1735 5179 priseo-

132 5205 266 5287 pcrsicis
291 5226 386 5290 reges
403 5207 575 5269 Persarum
594 5227 639 5282 se,
658 5207 730 5269 inde
751 5228 770 5270 a
789 5207 898 5282 Dario,
917 5207 1149 5290 Katayatlu'ya
1170 5206 1330 5283 aazraka,
1348 5203 1571 5284 katayatlu'pa
1586 5201 1732 5282 lclttaya-

130 5311 300 5392 tlu‘paaam
322 5338 336 5369 a
358 5334 414 5375 rex
432 5333 581 5397 magnus,
604 5334 659 5375 rex
679 5333 792 5397 regum
815 5341 828 5369 a
852 5314 1027 5397 appellant.
1047 5312 1252 5394 (Weissbacla
1268 5311 1332 5374 und
1356 5311 1462 5393 Bang,
1488 5307 1551 5372 Die
1575 5308 1734 5390 cupera-

127 5417 226 5479 selaea
245 5417 524 5501 Keiliasaltm'slca,
542 5419 686 5502 Leipzig,
704 5424 791 5495 1893,
808 5440 839 5502 p.
858 5426 905 5495 12,
920 5426 970 5495 30,
987 5425 1025 5482 32
1041 5422 1116 5502 etc.)

189 5526 200 5560 ³
216 5523 276 5587 Th.
296 5524 448 5599 Noldcke,
464 5547 516 5608 op.
531 5529 599 5602 cit,
617 5547 650 5609 p.
669 5530 740 5589 411.

191 5631 202 5667 ⁴
219 5631 300 5693 Iba'd.
318 5653 349 5715 p.
368 5638 417 5707 51,
432 5641 507 5694 nutu
519 5640 548 5696 3.
