3884 6316
560 415 615 477 DE
639 416 769 480 Llssuo
793 417 943 481 LEGUM
965 417 1207 481 REGIONUM.
1627 428 1686 486 534

86 593 270 666 voluntate
296 595 535 691 quorumdam
561 595 706 667 illorum
729 621 811 668 sese
833 597 1059 669 miscuerunt
1079 611 1115 670 et
1138 596 1337 696 potentiam
1364 621 1514 668 suarum
1536 611 1685 674 natura-

86 753 163 798 rum
183 726 246 798 illa
261 727 435 800 mixtione
451 727 654 827 fregerunt.
673 731 776 801 Tunc
793 730 929 802 creavit
944 733 1043 802 Deus
1063 755 1128 826 per
1140 755 1286 801 manum
1301 728 1414 802 Verbi
1436 731 1491 801 sui
1508 733 1684 806 mundum

86 860 195 931 istum
215 860 252 930 in
272 885 343 957 quo
365 886 461 932 nunc
480 861 651 946 vivimus,
675 861 850 933 mundum
874 863 1091 961 permixtum
1115 863 1252 934 lumine
1278 873 1314 933 et
1333 861 1510 947 tenebris,
1532 863 1629 937 bono
1650 881 1685 939 et

85 993 193 1078 male,
212 994 270 1066 eui
290 994 389 1066 aliud
407 995 608 1092 perlectum
627 1008 685 1067 cst
705 1021 979 1083 successurum,
1003 1021 1085 1069 oum
1109 999 1208 1069 Deus
1229 995 1415 1093 separabit
1433 997 1531 1068 entia
1552 997 1625 1069 alia
1640 997 1685 1069 ab

84 1126 180 1209 aliie,
211 1127 428 1224 praesertim
456 1127 502 1199 ab
530 1127 773 1212 obscuritate,
806 1142 842 1201 et
868 1129 996 1202 reddet
1023 1129 1219 1227 unicuique
1253 1127 1503 1227 integritatem
1533 1143 1684 1202 naturae

85 1285 186 1332 suae.
215 1262 291 1332 Hoc
318 1261 460 1333 eveniet
487 1275 571 1360 post
601 1286 666 1333 sex
692 1261 806 1334 millia
833 1287 1026 1334 annorum.
1050 1266 1091 1335 ln
1115 1263 1250 1335 mundo
1273 1263 1459 1359 praesenti
1482 1263 1688 1334 invenimus

85 1393 222 1464 malum
240 1393 433 1491 physicum
453 1394 549 1492 quod
569 1393 738 1492 provenit
759 1393 805 1466 ab
825 1395 963 1467 inlluxu
987 1407 1187 1477 astrorum,
1211 1407 1247 1466 et
1268 1395 1403 1466 malum
1423 1395 1560 1467 morale
1581 1421 1687 1493 quem

85 1526 253 1598 homines
275 1528 389 1598 vitare
413 1538 584 1624 possunt,
608 1527 644 1598 vi
665 1526 847 1599 libertatis
867 1553 973 1614 suae;
996 1528 1131 1600 malum
1154 1528 1290 1599 morale
1317 1527 1406 1599 illud
1427 1554 1500 1600 non
1521 1541 1576 1600 est
1599 1528 1688 1600 sub-

86 1659 223 1731 stantia
239 1658 302 1730 sed
323 1660 477 1758 privatio
501 1672 662 1744 tantum,
679 1659 847 1757 provenit
868 1686 889 1732 a
910 1661 1050 1734 malitia
1071 1675 1108 1734 et
1128 1686 1263 1748 errore,
1281 1687 1302 1733 a
1322 1661 1513 1747 daemone,
1532 1674 1568 1733 et
1586 1686 1606 1734 a
1621 1687 1687 1734 na-

87 1806 169 1864 tura
191 1793 228 1864 in
248 1806 423 1891 quantum
443 1793 663 1881 istanatura
683 1819 756 1865 non
772 1806 827 1866 est
843 1820 945 1866 sana.

163 1928 263 1998 Deus
288 1926 423 1998 creavit
447 1927 556 1999 etiam
585 1925 739 2025 angelos
766 1926 881 2000 libero
907 1927 1057 2000 arbitrio
1085 1927 1290 2025 praeditos,
1312 1951 1465 2025 quorum
1490 1953 1574 2025 pars
1603 1954 1690 2026 pec-

88 2060 186 2131 cavit
211 2085 294 2131 cum
320 2059 405 2130 filiis
429 2059 629 2131 hominum.
660 2061 776 2132 Homo
804 2059 971 2133 libertate
1001 2086 1066 2133 sua
1092 2074 1269 2159 aequatur
1295 2060 1456 2158 augelis,
1480 2073 1623 2134 constat
1647 2086 1691 2133 ex

89 2192 348 2291 intelligentia,
367 2191 487 2264 anima
516 2204 552 2264 et
576 2217 742 2289 corpore.
765 2196 906 2292 Corpus
926 2207 1024 2266 terra
1049 2193 1261 2278 eonllatum,
1294 2218 1359 2264 seu
1391 2192 1583 2290 primitivis
1615 2194 1691 2266 ele-

89 2317 238 2401 mentiS,
261 2316 429 2388 subditur
453 2316 605 2388 inlluxui
626 2329 822 2402 astrorum,
845 2318 967 2416 itaque
988 2318 1259 2390 immortalitate
1285 2342 1357 2390 non
1377 2317 1514 2416 gaudet
1534 2342 1600 2389 nce
1625 2318 1690 2389 de·

90 2449 154 2520 bet
173 2461 256 2548 post
279 2463 431 2522 mortem
452 2450 638 2522 suscitari.
658 2450 759 2523 Unde
780 2476 911 2549 corpus
927 2451 1077 2534 Christi,
1100 2451 1197 2550 quod
1217 2449 1489 2522 immortalitate
1510 2463 1546 2522 et
1565 2475 1690 2522 resur·

90 2583 254 2654 rectione
274 2583 448 2655 donatum
465 2595 533 2670 est,
552 2610 627 2655 uon
644 2583 891 2682 compingitur
910 2610 954 2657 ex
978 2584 1089 2658 humo
1108 2597 1227 2658 terrae
1248 2584 1313 2655 sed
1337 2609 1356 2655 e
1376 2583 1478 2655 caelo
1494 2582 1691 2655 deductum

91 2729 150 2787 est
165 2716 209 2806 (si
230 2715 429 2789 Philoxeno
451 2716 570 2813 tides).
592 2716 727 2788 Anima
748 2716 905 2789 hominis
930 2731 987 2790 cst
1006 2717 1222 2791 immortalis
1241 2729 1277 2788 et
1297 2715 1531 2788 iudicabitur.

169 2849 324 2920 Multum
341 2850 456 2921 valuit
479 2850 639 2921 Edessae
660 2848 826 2920 doctrina
846 2850 1084 2935 Bardesanis,
1107 2875 1235 2923 omnes
1258 2849 1444 2948 principes
1466 2849 1498 2920 ei
1520 2849 1694 2921 adhaese-

95 2994 182 3053 runt
197 2996 233 3053 et
254 2982 407 3054 celebris
419 2982 487 3054 luit
507 2982 585 3055 eius
601 2982 738 3055 schola.
762 2984 927 3055 Mortuus
943 2998 999 3057 est
1019 3010 1113 3057 anno
1129 2983 1214 3054 222.
1232 2981 1465 3065 Harmouius,
1482 2981 1561 3053 cius
1578 2980 1690 3065 filius,

94 3115 255 3186 Athenis
282 3116 469 3200 educatus,
498 3116 611 3189 multa
641 3121 776 3219 etipse
805 3120 945 3218 syriaco
972 3100 1136 3217 scripsit,
1165 3117 1265 3189 iuxta
1291 3114 1576 3187 Theodoretum.
1607 3113 1693 3207 Sed,

96 3262 245 3320 centum
267 3262 350 3345 post
372 3275 501 3335 annos
526 3265 634 3324 natus
657 3267 712 3327 est
738 3258 775 3328 S.
804 3255 960 3354 Ephrem
985 3251 1175 3345 (tao-379)
1196 3249 1257 3348 qui
1280 3248 1326 3321 ad
1351 3246 1513 3319 studium
1535 3246 1696 3345 Scriptu-

96 3406 222 3452 rarum
235 3381 362 3455 omnes
378 3385 573 3470 revocavit,
592 3400 627 3458 et
643 3388 704 3486 qui
723 3389 864 3460 crimini
879 3387 988 3460 vertit
1005 3384 1203 3458 Bardesani
1220 3383 1349 3456 eteius
1366 3379 1557 3479 discipulis
1571 3379 1696 3478 cogni-

96 3513 238 3585 tionem
253 3540 356 3586 suam
373 3517 606 3590 scientiarum
617 3546 832 3618 graecarum
846 3534 881 3594 et
894 3519 1109 3620 praesertim
1120 3514 1357 3612 astrologiae.
1371 3512 1584 3611 Astrologia
1600 3511 1696 3585 enim

97 3646 147 3718 ad
163 3646 300 3719 cultum
314 3648 416 3720 illum
431 3663 611 3723 astrorum
627 3654 689 3751 qui
704 3654 743 3726 iu
759 3653 1023 3754 Mesopotamia
1037 3650 1200 3750 vigebat,
1217 3648 1350 3720 ducere
1363 3657 1506 3744 poterat
1522 3645 1601 3717 eius
1616 3645 1697 3721 lau-

96 3794 213 3852 tores.
236 3783 430 3854 Damnavit
453 3784 575 3882 itaque
596 3786 633 3858 in
652 3788 819 3860 versibus
840 3788 916 3859 suis
932 3786 1177 3859 Bardosanem
1198 3780 1244 3854 ob
1269 3780 1430 3852 studium
1450 3803 1557 3850 suum
1577 3791 1699 3850 astro-

98 3909 223 4006 logiae
243 3922 278 3981 et
299 3910 533 4018 scientiarum
553 3916 799 4013 profanarum.
819 3920 952 3988 Parum
967 3914 1121 4014 profecit
1137 3914 1174 3984 S.
1199 3906 1370 4007 Ephrem,
1389 3932 1474 3978 nam
1495 3905 1695 3991 Rabbulas,

101 4041 298 4139 episcopus
321 4043 480 4117 Edessae
500 4048 707 4146 (ara-435),
730 4048 869 4121 invenit
889 4048 1008 4120 adhuc
1028 4070 1154 4118 omnes
1177 4043 1338 4115 Edessae
1357 4040 1545 4147 principes
1566 4039 1699 4112 Bnrde-

102 4174 204 4245 sanis
224 4175 402 4248 doctrinis
416 4179 595 4252 addictos.
616 4184 771 4253 Domum
785 4181 849 4255 ubi
870 4193 1114 4254 convenerant
1130 4176 1310 4250 destruxit
1330 4187 1366 4246 et
1383 4172 1527 4272 lapides
1547 4172 1698 4270 eiusque

103 4308 371 4404 supellectilem
393 4312 440 4383 ad
463 4311 545 4411 pios
568 4339 658 4386 usus
683 4315 891 4413 applicavit,
913 4311 1173 4386 Bardesauitas
1193 4309 1339 4381 demum
1361 4331 1488 4380 omnes
1510 4304 1556 4377 ad
1576 4329 1698 4377 veram

104 4440 216 4513 fidem
230 4444 426 4529 revocavit,
445 4445 496 4516 ait
511 4446 591 4518 eius
605 4447 702 4519 vitae
718 4448 898 4520 laudator.

179 4574 353 4647 Attamen
374 4578 520 4650 saeculo
540 4592 668 4652 octavo
690 4580 927 4653 remanebant
944 4579 1104 4652 Edessae
1122 4575 1291 4673 discipuli
1306 4571 1543 4656 Bardesanis,
1562 4570 1623 4669 qui
1644 4570 1700 4641 in·

105 4705 310 4804 dulgebant
325 4710 442 4783 adhuc
462 4712 627 4785 scientiis
641 4714 875 4812 astrologicis
893 4727 928 4785 et
944 4711 1171 4785 naturalibus
1187 4721 1223 4782 et
1243 4706 1480 4806 disputabant
1496 4705 1541 4777 de
1557 4705 1644 4790 lato,
1663 4714 1702 4774 ut

104 4841 257 4914 tradunt
273 4842 426 4916 lacobus
442 4845 636 4945 episeopus
654 4848 814 4920 Edessae
835 4859 871 4920 et
887 4846 1068 4946 Georgius
1085 4844 1279 4944 episeopus
1294 4840 1471 4913 Arabum.

182 4975 333 5048 Decimo
349 4977 494 5050 demum
512 4981 659 5053 saeculo
679 4981 891 5054 tribuuntur
912 4978 1113 5056 Bardesani
1134 4976 1217 5049 libri
1238 4987 1346 5047 antea
1370 4974 1488 5073 ignoti
1504 4978 1549 5044 De
1575 4974 1705 5043 tremine

105 5121 139 5179 et
154 5113 309 5195 tenebris,
332 5115 378 5182 De
392 5125 465 5183 ente
479 5116 658 5206 spirituali
671 5118 835 5201 veritatis,
856 5122 901 5186 De
916 5117 1033 5186 mobili
1046 5126 1077 5184 ct
1094 5116 1202 5207 firmo,
1224 5108 1545 5203 assimilanturque
1562 5130 1706 5203 semper

109 5242 373 5317 Bardesauitas
396 5245 631 5320 Manichaeis.
658 5249 715 5319 An
732 5249 993 5321 Bardesauitae
1016 5246 1062 5318 ad
1078 5241 1405 5318 Manichaeismum
1425 5237 1702 5322 declinaverint,

108 5401 157 5446 an
180 5387 308 5448 contra
331 5389 431 5450 secta
452 5381 631 5477 quaedam
652 5380 950 5453 Manichaeorum
974 5377 1217 5478 patrocinium
1241 5371 1462 5447 Bardesanis
1483 5371 1700 5469 susceperit,

108 5521 339 5607 compertum
355 5537 428 5584 non
449 5514 616 5586 habetur.

187 5644 335 5716 Ultimis
361 5645 509 5719 taudem
538 5649 696 5721 saeculis
729 5649 927 5747 scriptores
952 5649 1118 5721 laverunt
1150 5643 1350 5718 Bardesaui
1383 5642 1469 5713 dum
1497 5665 1516 5713 e
1545 5637 1707 5712 lontibus
