<?xml version="1.0" encoding="UTF-8"?>
<!DOCTYPE html PUBLIC "-//W3C//DTD XHTML 1.0 Transitional//EN"
    "http://www.w3.org/TR/xhtml1/DTD/xhtml1-transitional.dtd">
<html xmlns="http://www.w3.org/1999/xhtml" xml:lang="en" lang="en">
 <head>
  <title>
</title>
<meta http-equiv="Content-Type" content="text/html;charset=utf-8" />
  <meta name='ocr-system' content='tesseract 3.04.00' />
  <meta name='ocr-capabilities' content='ocr_page ocr_carea ocr_par ocr_line ocrx_word'/>
</head>
<body>
  <div class='ocr_page' id='page_1' title='image "./patrologiasyria00grafgoog_0703.png"; bbox 0 0 3884 6316; ppageno 0'>
   <div class='ocr_carea' id='block_1_1' title="bbox 191 416 1422 490">
    <p class='ocr_par' dir='ltr' id='par_1_1' title="bbox 191 416 1422 490">
     <span class='ocr_line' id='line_1_1' title="bbox 191 416 1422 490; baseline -0.003 -2"><span class='ocrx_word' id='word_1_1' title='bbox 191 433 264 490; x_wconf 85' lang='lat'>1371</span> <span class='ocrx_word' id='word_1_2' title='bbox 548 419 894 485; x_wconf 72' lang='lat' dir='ltr'>nPo&#39;tuLEsMnTn</span> <span class='ocrx_word' id='word_1_3' title='bbox 916 416 1146 484; x_wconf 81' lang='lat' dir='ltr'>APOLLONU</span> <span class='ocrx_word' id='word_1_4' title='bbox 1169 417 1422 486; x_wconf 71' lang='lat' dir='ltr'>Ttnnen&#39;sts.</span> 
     </span>
    </p>
   </div>
   <div class='ocr_carea' id='block_1_2' title="bbox 191 580 1781 685">
    <p class='ocr_par' dir='ltr' id='par_1_2' title="bbox 191 580 1781 685">
     <span class='ocr_line' id='line_1_2' title="bbox 191 580 1781 685; baseline -0.002 -25"><span class='ocrx_word' id='word_1_5' title='bbox 191 593 342 685; x_wconf 81' lang='lat' dir='ltr'>Insuper</span> <span class='ocrx_word' id='word_1_6' title='bbox 364 609 475 659; x_wconf 87' lang='lat' dir='ltr'>voces</span> <span class='ocrx_word' id='word_1_7' title='bbox 495 583 650 657; x_wconf 82' lang='lat' dir='ltr'>hebreae</span> <span class='ocrx_word' id='word_1_8' title='bbox 674 606 767 681; x_wconf 86' lang='lat' dir='ltr'>quae</span> <span class='ocrx_word' id='word_1_9' title='bbox 785 581 962 681; x_wconf 89' lang='lat' dir='ltr'>leguntur</span> <span class='ocrx_word' id='word_1_10' title='bbox 986 581 1022 652; x_wconf 94' lang='lat' dir='ltr'>in</span> <span class='ocrx_word' id='word_1_11' title='bbox 1043 580 1169 654; x_wconf 91' lang='lat' dir='ltr'>codice</span> <span class='ocrx_word' id='word_1_12' title='bbox 1191 582 1325 656; x_wconf 86' lang='lat' dir='ltr'>Asnnt</span> <span class='ocrx_word' id='word_1_13' title='bbox 1340 608 1433 682; x_wconf 90' lang='lat' dir='ltr'>opus</span> <span class='ocrx_word' id='word_1_14' title='bbox 1455 584 1651 683; x_wconf 88' lang='lat' dir='ltr'>proprium</span> <span class='ocrx_word' id='word_1_15' title='bbox 1671 586 1781 658; x_wconf 88' lang='lat' dir='ltr'>euius·</span> 
     </span>
    </p>
   </div>
   <div class='ocr_carea' id='block_1_3' title="bbox 60 705 1779 807">
    <p class='ocr_par' dir='ltr' id='par_1_3' title="bbox 60 705 1779 807">
     <span class='ocr_line' id='line_1_3' title="bbox 60 705 1779 807; baseline -0.001 -22"><span class='ocrx_word' id='word_1_16' title='bbox 60 744 63 750; x_wconf 95' lang='lat'>·</span> <span class='ocrx_word' id='word_1_17' title='bbox 189 714 272 786; x_wconf 92' lang='lat' dir='ltr'>dam</span> <span class='ocrx_word' id='word_1_18' title='bbox 288 709 444 794; x_wconf 91' lang='lat' dir='ltr'>scribae,</span> <span class='ocrx_word' id='word_1_19' title='bbox 463 733 545 781; x_wconf 86' lang='lat' dir='ltr'>curn</span> <span class='ocrx_word' id='word_1_20' title='bbox 560 707 707 780; x_wconf 91' lang='lat' dir='ltr'>nomina</span> <span class='ocrx_word' id='word_1_21' title='bbox 724 705 834 779; x_wconf 87' lang='lat' dir='ltr'>etiarn</span> <span class='ocrx_word' id='word_1_22' title='bbox 853 729 988 804; x_wconf 83' lang='lat' dir='ltr'>graeca</span> <span class='ocrx_word' id='word_1_23' title='bbox 1004 705 1041 778; x_wconf 94' lang='lat' dir='ltr'>in</span> <span class='ocrx_word' id='word_1_24' title='bbox 1058 705 1217 780; x_wconf 91' lang='lat' dir='ltr'>hebraeo</span> <span class='ocrx_word' id='word_1_25' title='bbox 1235 707 1528 807; x_wconf 78' lang='lat' dir='ltr'>transcripserit.</span> <span class='ocrx_word' id='word_1_26' title='bbox 1547 710 1657 784; x_wconf 88' lang='lat' dir='ltr'>Unde</span> <span class='ocrx_word' id='word_1_27' title='bbox 1674 710 1779 784; x_wconf 79' lang='lat' dir='ltr'>fontes</span> 
     </span>
    </p>
   </div>
   <div class='ocr_carea' id='block_1_4' title="bbox 188 829 1777 1059">
    <p class='ocr_par' dir='ltr' id='par_1_4' title="bbox 188 829 1777 1059">
     <span class='ocr_line' id='line_1_4' title="bbox 190 829 1777 933; baseline -0.001 -24"><span class='ocrx_word' id='word_1_28' title='bbox 190 836 297 909; x_wconf 86' lang='lat' dir='ltr'>buius</span> <span class='ocrx_word' id='word_1_29' title='bbox 323 834 445 933; x_wconf 90' lang='lat' dir='ltr'>operis</span> <span class='ocrx_word' id='word_1_30' title='bbox 470 832 595 932; x_wconf 88' lang='lat' dir='ltr'>graeci</span> <span class='ocrx_word' id='word_1_31' title='bbox 617 830 816 929; x_wconf 89' lang='lat' dir='ltr'>quaerendi</span> <span class='ocrx_word' id='word_1_32' title='bbox 839 842 924 903; x_wconf 87' lang='lat' dir='ltr'>sunt</span> <span class='ocrx_word' id='word_1_33' title='bbox 955 830 993 902; x_wconf 96' lang='lat' dir='ltr'>in</span> <span class='ocrx_word' id='word_1_34' title='bbox 1017 829 1191 929; x_wconf 84' lang='lat' dir='ltr'>operibus</span> <span class='ocrx_word' id='word_1_35' title='bbox 1215 831 1371 931; x_wconf 88' lang='lat' dir='ltr'>magicis</span> <span class='ocrx_word' id='word_1_36' title='bbox 1401 844 1437 906; x_wconf 91' lang='lat' dir='ltr'>et</span> <span class='ocrx_word' id='word_1_37' title='bbox 1462 832 1705 933; x_wconf 77' lang='lat' dir='ltr'>astrologicis</span> <span class='ocrx_word' id='word_1_38' title='bbox 1727 837 1777 933; x_wconf 89' lang='lat' dir='ltr'>qui</span> 
     </span>
     <span class='ocr_line' id='line_1_5' title="bbox 188 953 1449 1059; baseline -0.004 -25"><span class='ocrx_word' id='word_1_39' title='bbox 188 984 378 1059; x_wconf 87' lang='lat' dir='ltr'>persaepe,</span> <span class='ocrx_word' id='word_1_40' title='bbox 399 957 486 1030; x_wconf 85' lang='lat' dir='ltr'>licet</span> <span class='ocrx_word' id='word_1_41' title='bbox 502 956 696 1029; x_wconf 83' lang='lat' dir='ltr'>manifesto</span> <span class='ocrx_word' id='word_1_42' title='bbox 717 981 802 1028; x_wconf 91' lang='lat' dir='ltr'>cum</span> <span class='ocrx_word' id='word_1_43' title='bbox 822 978 958 1040; x_wconf 90' lang='lat' dir='ltr'>errore,</span> <span class='ocrx_word' id='word_1_44' title='bbox 977 953 1158 1053; x_wconf 77' lang='lat' dir='ltr'>gnosticis</span> <span class='ocrx_word' id='word_1_45' title='bbox 1178 954 1449 1029; x_wconf 87' lang='lat' dir='ltr'>tribuebantur.</span> 
     </span>
    </p>
   </div>
   <div class='ocr_carea' id='block_1_5' title="bbox 686 1161 1285 1232">
    <p class='ocr_par' dir='ltr' id='par_1_5' title="bbox 686 1161 1285 1232">
     <span class='ocr_line' id='line_1_6' title="bbox 686 1161 1285 1232; baseline -0.007 0"><span class='ocrx_word' id='word_1_46' title='bbox 686 1161 732 1232; x_wconf 90' lang='lat' dir='ltr'>V.</span> <span class='ocrx_word' id='word_1_47' title='bbox 760 1165 807 1232; x_wconf 85' lang='lat' dir='ltr'>De</span> <span class='ocrx_word' id='word_1_48' title='bbox 831 1162 961 1231; x_wconf 78' lang='lat' dir='ltr'>ratione</span> <span class='ocrx_word' id='word_1_49' title='bbox 986 1161 1087 1229; x_wconf 77' lang='lat' dir='ltr'>beina</span> <span class='ocrx_word' id='word_1_50' title='bbox 1112 1162 1285 1231; x_wconf 73' lang='lat' dir='ltr'>alitionis.</span> 
     </span>
    </p>
   </div>
   <div class='ocr_carea' id='block_1_6' title="bbox 189 1335 1778 2557">
    <p class='ocr_par' dir='ltr' id='par_1_6' title="bbox 189 1335 1778 2557">
     <span class='ocr_line' id='line_1_7' title="bbox 264 1335 1775 1436; baseline -0.003 -22"><span class='ocrx_word' id='word_1_51' title='bbox 264 1341 424 1415; x_wconf 87' lang='lat' dir='ltr'>Pretium</span> <span class='ocrx_word' id='word_1_52' title='bbox 439 1365 512 1413; x_wconf 95' lang='lat' dir='ltr'>non</span> <span class='ocrx_word' id='word_1_53' title='bbox 535 1351 612 1412; x_wconf 87' lang='lat' dir='ltr'>crat</span> <span class='ocrx_word' id='word_1_54' title='bbox 632 1350 773 1410; x_wconf 85' lang='lat' dir='ltr'>textum</span> <span class='ocrx_word' id='word_1_55' title='bbox 788 1335 1032 1433; x_wconf 87' lang='lat' dir='ltr'>antiquiorem</span> <span class='ocrx_word' id='word_1_56' title='bbox 1045 1335 1254 1424; x_wconf 86' lang='lat' dir='ltr'>restituere,</span> <span class='ocrx_word' id='word_1_57' title='bbox 1278 1338 1488 1436; x_wconf 88' lang='lat' dir='ltr'>suppressis</span> <span class='ocrx_word' id='word_1_58' title='bbox 1508 1338 1775 1414; x_wconf 80' lang='lat' dir='ltr'>additamentis.</span> 
     </span>
     <span class='ocr_line' id='line_1_8' title="bbox 191 1459 1777 1565; baseline -0.002 -26"><span class='ocrx_word' id='word_1_59' title='bbox 191 1469 279 1539; x_wconf 89' lang='lat' dir='ltr'>Nam</span> <span class='ocrx_word' id='word_1_60' title='bbox 302 1489 478 1565; x_wconf 88' lang='lat' dir='ltr'>persaepe</span> <span class='ocrx_word' id='word_1_61' title='bbox 501 1466 604 1561; x_wconf 76' lang='lat' dir='ltr'>(Cap.</span> <span class='ocrx_word' id='word_1_62' title='bbox 631 1489 656 1547; x_wconf 93' lang='grc' dir='ltr'>ι,</span> <span class='ocrx_word' id='word_1_63' title='bbox 687 1487 726 1544; x_wconf 95' lang='grc' dir='ltr'>ιι,</span> <span class='ocrx_word' id='word_1_64' title='bbox 757 1462 836 1556; x_wconf 90' lang='grc' dir='ltr'>ιιιι)</span> <span class='ocrx_word' id='word_1_65' title='bbox 854 1461 985 1533; x_wconf 92' lang='lat' dir='ltr'>unicus</span> <span class='ocrx_word' id='word_1_66' title='bbox 1012 1459 1127 1534; x_wconf 87' lang='lat' dir='ltr'>codex</span> <span class='ocrx_word' id='word_1_67' title='bbox 1147 1461 1184 1533; x_wconf 93' lang='lat' dir='ltr'>in</span> <span class='ocrx_word' id='word_1_68' title='bbox 1203 1460 1371 1533; x_wconf 90' lang='lat' dir='ltr'>manibus</span> <span class='ocrx_word' id='word_1_69' title='bbox 1392 1460 1498 1535; x_wconf 90' lang='lat' dir='ltr'>nobis</span> <span class='ocrx_word' id='word_1_70' title='bbox 1526 1476 1627 1549; x_wconf 82' lang='lat' dir='ltr'>erat3</span> <span class='ocrx_word' id='word_1_71' title='bbox 1654 1464 1777 1564; x_wconf 80' lang='lat' dir='ltr'>ambigi</span> 
     </span>
     <span class='ocr_line' id='line_1_9' title="bbox 189 1584 1778 1688; baseline -0.002 -25"><span class='ocrx_word' id='word_1_72' title='bbox 189 1601 333 1687; x_wconf 88' lang='lat' dir='ltr'>poterat</span> <span class='ocrx_word' id='word_1_73' title='bbox 348 1588 435 1662; x_wconf 91' lang='lat' dir='ltr'>alibi</span> <span class='ocrx_word' id='word_1_74' title='bbox 457 1589 561 1685; x_wconf 84' lang='lat' dir='ltr'>(Cap.</span> <span class='ocrx_word' id='word_1_75' title='bbox 582 1613 636 1673; x_wconf 95' lang='grc' dir='ltr'>ιιι,</span> <span class='ocrx_word' id='word_1_76' title='bbox 661 1613 709 1671; x_wconf 90' lang='grc' dir='ltr'>ιι,</span> <span class='ocrx_word' id='word_1_77' title='bbox 727 1590 791 1680; x_wconf 86' lang='grc' dir='ltr'>ιιι)</span> <span class='ocrx_word' id='word_1_78' title='bbox 810 1596 931 1657; x_wconf 92' lang='lat' dir='ltr'>utrum</span> <span class='ocrx_word' id='word_1_79' title='bbox 947 1584 995 1658; x_wconf 87' lang='lat' dir='ltr'>sit</span> <span class='ocrx_word' id='word_1_80' title='bbox 1013 1584 1303 1658; x_wconf 88' lang='lat' dir='ltr'>additamentum</span> <span class='ocrx_word' id='word_1_81' title='bbox 1325 1585 1361 1657; x_wconf 95' lang='lat' dir='ltr'>in</span> <span class='ocrx_word' id='word_1_82' title='bbox 1380 1611 1453 1658; x_wconf 94' lang='lat' dir='ltr'>uno</span> <span class='ocrx_word' id='word_1_83' title='bbox 1477 1587 1608 1661; x_wconf 90' lang='lat' dir='ltr'>codice</span> <span class='ocrx_word' id='word_1_84' title='bbox 1624 1588 1684 1662; x_wconf 86' lang='lat' dir='ltr'>vel</span> <span class='ocrx_word' id='word_1_85' title='bbox 1703 1615 1778 1688; x_wconf 83' lang='lat' dir='ltr'>sup</span> 
     </span>
     <span class='ocr_line' id='line_1_10' title="bbox 189 1708 1777 1812; baseline -0.001 -27"><span class='ocrx_word' id='word_1_86' title='bbox 189 1714 331 1812; x_wconf 87' lang='lat' dir='ltr'>pressio</span> <span class='ocrx_word' id='word_1_87' title='bbox 347 1714 384 1786; x_wconf 94' lang='lat' dir='ltr'>in</span> <span class='ocrx_word' id='word_1_88' title='bbox 404 1712 533 1785; x_wconf 91' lang='lat' dir='ltr'>altero.</span> <span class='ocrx_word' id='word_1_89' title='bbox 553 1711 657 1783; x_wconf 90' lang='lat' dir='ltr'>Unde</span> <span class='ocrx_word' id='word_1_90' title='bbox 673 1708 872 1782; x_wconf 88' lang='lat' dir='ltr'>editionem</span> <span class='ocrx_word' id='word_1_91' title='bbox 888 1708 1054 1782; x_wconf 90' lang='lat' dir='ltr'>codicum</span> <span class='ocrx_word' id='word_1_92' title='bbox 1073 1709 1170 1782; x_wconf 90' lang='lat' dir='ltr'>tales</span> <span class='ocrx_word' id='word_1_93' title='bbox 1187 1710 1315 1807; x_wconf 88' lang='lat' dir='ltr'>quales</span> <span class='ocrx_word' id='word_1_94' title='bbox 1335 1723 1421 1783; x_wconf 89' lang='lat' dir='ltr'>sunt</span> <span class='ocrx_word' id='word_1_95' title='bbox 1441 1712 1669 1809; x_wconf 80' lang='lat' dir='ltr'>paravimus.</span> <span class='ocrx_word' id='word_1_96' title='bbox 1690 1715 1777 1785; x_wconf 86' lang='lat' dir='ltr'>Desi-</span> 
     </span>
     <span class='ocr_line' id='line_1_11' title="bbox 189 1828 1776 1936; baseline -0.002 -26"><span class='ocrx_word' id='word_1_97' title='bbox 189 1838 329 1911; x_wconf 87' lang='lat' dir='ltr'>derium</span> <span class='ocrx_word' id='word_1_98' title='bbox 354 1838 436 1910; x_wconf 89' lang='lat' dir='ltr'>aC.</span> <span class='ocrx_word' id='word_1_99' title='bbox 463 1839 605 1907; x_wconf 79' lang='lat' dir='ltr'>Brzoun</span> <span class='ocrx_word' id='word_1_100' title='bbox 632 1828 797 1907; x_wconf 81' lang='lat' dir='ltr'>recenter</span> <span class='ocrx_word' id='word_1_101' title='bbox 821 1857 1035 1932; x_wconf 88' lang='lat' dir='ltr'>expressum</span> <span class='ocrx_word' id='word_1_102' title='bbox 1064 1859 1130 1932; x_wconf 89' lang='lat' dir='ltr'>pro</span> <span class='ocrx_word' id='word_1_103' title='bbox 1161 1833 1309 1906; x_wconf 88' lang='lat' dir='ltr'>modulo</span> <span class='ocrx_word' id='word_1_104' title='bbox 1334 1847 1461 1907; x_wconf 92' lang='lat' dir='ltr'>nostro</span> <span class='ocrx_word' id='word_1_105' title='bbox 1485 1836 1642 1936; x_wconf 88' lang='lat' dir='ltr'>implere</span> <span class='ocrx_word' id='word_1_106' title='bbox 1669 1839 1776 1909; x_wconf 87' lang='lat' dir='ltr'>conati</span> 
     </span>
     <span class='ocr_line' id='line_1_12' title="bbox 189 1957 1777 2056; baseline -0.003 -21"><span class='ocrx_word' id='word_1_107' title='bbox 189 1988 334 2041; x_wconf 88' lang='lat' dir='ltr'>sumus;</span> <span class='ocrx_word' id='word_1_108' title='bbox 365 1960 548 2034; x_wconf 85' lang='lat' dir='ltr'>scribebat</span> <span class='ocrx_word' id='word_1_109' title='bbox 579 1958 674 2031; x_wconf 86' lang='lat' dir='ltr'>eninr</span> <span class='ocrx_word' id='word_1_110' title='bbox 706 1958 933 2031; x_wconf 83' lang='lat' dir='ltr'>clarissimus</span> <span class='ocrx_word' id='word_1_111' title='bbox 957 1957 1013 2029; x_wconf 90' lang='lat' dir='ltr'>vir</span> <span class='ocrx_word' id='word_1_112' title='bbox 1039 1984 1046 2027; x_wconf 93' lang='lat'>:</span> <span class='ocrx_word' id='word_1_113' title='bbox 1073 1963 1119 2029; x_wconf 81' lang='lat' dir='ltr'>Es</span> <span class='ocrx_word' id='word_1_114' title='bbox 1150 1961 1264 2030; x_wconf 66' lang='lat' dir='ltr'>ronne</span> <span class='ocrx_word' id='word_1_115' title='bbox 1288 1962 1414 2051; x_wconf 68' lang='lat' dir='ltr'>penta</span> <span class='ocrx_word' id='word_1_116' title='bbox 1445 1962 1606 2032; x_wconf 78' lang='lat' dir='ltr'>denicber</span> <span class='ocrx_word' id='word_1_117' title='bbox 1638 1965 1777 2056; x_wconf 65' lang='lat' dir='ltr'>teet-nn</span> 
     </span>
     <span class='ocr_line' id='line_1_13' title="bbox 189 2082 1777 2180; baseline -0.003 -22"><span class='ocrx_word' id='word_1_118' title='bbox 189 2090 333 2170; x_wconf 67' lang='lat' dir='ltr'>uertet,</span> <span class='ocrx_word' id='word_1_119' title='bbox 365 2112 461 2160; x_wconf 82' lang='lat' dir='ltr'>wenn</span> <span class='ocrx_word' id='word_1_120' title='bbox 491 2086 649 2157; x_wconf 75' lang='lat' dir='ltr'>Bannes‘</span> <span class='ocrx_word' id='word_1_121' title='bbox 681 2087 793 2154; x_wconf 79' lang='lat' dir='ltr'>dienen</span> <span class='ocrx_word' id='word_1_122' title='bbox 825 2089 910 2154; x_wconf 70' lang='lat' dir='ltr'>Teoet</span> <span class='ocrx_word' id='word_1_123' title='bbox 935 2082 1097 2175; x_wconf 89' lang='lat' dir='ltr'>(horarii)</span> <span class='ocrx_word' id='word_1_124' title='bbox 1128 2085 1453 2175; x_wconf 76' lang='lat' dir='ltr'>nerbffentiicbte....</span> <span class='ocrx_word' id='word_1_125' title='bbox 1485 2089 1552 2156; x_wconf 83' lang='lat' dir='ltr'>b&#39;in</span> <span class='ocrx_word' id='word_1_126' title='bbox 1585 2089 1777 2180; x_wconf 72' lang='lat' dir='ltr'>endpiitipes</span> 
     </span>
     <span class='ocr_line' id='line_1_14' title="bbox 192 2207 1778 2302; baseline -0.004 -16"><span class='ocrx_word' id='word_1_127' title='bbox 192 2215 298 2285; x_wconf 84' lang='lat' dir='ltr'>Urteil</span> <span class='ocrx_word' id='word_1_128' title='bbox 330 2214 413 2282; x_wconf 72' lang='lat' dir='ltr'>ittet·</span> <span class='ocrx_word' id='word_1_129' title='bbox 438 2213 499 2281; x_wconf 77' lang='lat' dir='ltr'>don</span> <span class='ocrx_word' id='word_1_130' title='bbox 530 2210 738 2280; x_wconf 73' lang='lat' dir='ltr'>Verln&#39;iltnt‘nr</span> <span class='ocrx_word' id='word_1_131' title='bbox 768 2211 828 2278; x_wconf 80' lang='lat' dir='ltr'>der·</span> <span class='ocrx_word' id='word_1_132' title='bbox 861 2210 1120 2279; x_wconf 79' lang='lat' dir='ltr'>eerncln&#39;edenen</span> <span class='ocrx_word' id='word_1_133' title='bbox 1158 2211 1336 2279; x_wconf 82' lang='lat' dir='ltr'>Versionen</span> <span class='ocrx_word' id='word_1_134' title='bbox 1370 2207 1533 2302; x_wconf 82' lang='lat' dir='ltr'>(horarii)</span> <span class='ocrx_word' id='word_1_135' title='bbox 1564 2235 1659 2282; x_wconf 79' lang='lat' dir='ltr'>mnas</span> <span class='ocrx_word' id='word_1_136' title='bbox 1691 2213 1778 2282; x_wconf 81' lang='lat' dir='ltr'>serait</span> 
     </span>
     <span class='ocr_line' id='line_1_15' title="bbox 191 2334 1776 2425; baseline -0.002 -18"><span class='ocrx_word' id='word_1_137' title='bbox 191 2338 364 2408; x_wconf 79' lang='lat' dir='ltr'>ttetttrlieb</span> <span class='ocrx_word' id='word_1_138' title='bbox 384 2337 434 2405; x_wconf 79' lang='lat' dir='ltr'>tis</span> <span class='ocrx_word' id='word_1_139' title='bbox 456 2358 520 2406; x_wconf 83' lang='lat' dir='ltr'>eur</span> <span class='ocrx_word' id='word_1_140' title='bbox 543 2334 789 2424; x_wconf 77' lang='lat' dir='ltr'>tntlstdndipen</span> <span class='ocrx_word' id='word_1_141' title='bbox 818 2335 973 2425; x_wconf 73' lang='lat' dir='ltr'>Attapcbe</span> <span class='ocrx_word' id='word_1_142' title='bbox 995 2334 1051 2402; x_wconf 80' lang='lat' dir='ltr'>des</span> <span class='ocrx_word' id='word_1_143' title='bbox 1072 2334 1388 2425; x_wconf 71' lang='lat' dir='ltr'>Apollonio-stertet</span> <span class='ocrx_word' id='word_1_144' title='bbox 1415 2337 1596 2405; x_wconf 80' lang='lat' dir='ltr'>reserriert</span> <span class='ocrx_word' id='word_1_145' title='bbox 1621 2337 1776 2406; x_wconf 81' lang='lat' dir='ltr'>bleiben².</span> 
     </span>
     <span class='ocr_line' id='line_1_16' title="bbox 191 2455 1619 2557; baseline -0.001 -25"><span class='ocrx_word' id='word_1_146' title='bbox 191 2459 294 2533; x_wconf 91' lang='lat' dir='ltr'>Unde</span> <span class='ocrx_word' id='word_1_147' title='bbox 318 2457 593 2557; x_wconf 80' lang='lat' dir='ltr'>Apotelesmata</span> <span class='ocrx_word' id='word_1_148' title='bbox 613 2455 675 2529; x_wconf 87' lang='lat' dir='ltr'>illa</span> <span class='ocrx_word' id='word_1_149' title='bbox 697 2455 879 2529; x_wconf 83' lang='lat' dir='ltr'>edidimus</span> <span class='ocrx_word' id='word_1_150' title='bbox 902 2481 1056 2553; x_wconf 91' lang='lat' dir='ltr'>quorum</span> <span class='ocrx_word' id='word_1_151' title='bbox 1077 2455 1262 2528; x_wconf 89' lang='lat' dir='ltr'>horarium</span> <span class='ocrx_word' id='word_1_152' title='bbox 1283 2481 1369 2554; x_wconf 90' lang='lat' dir='ltr'>pars</span> <span class='ocrx_word' id='word_1_153' title='bbox 1389 2469 1446 2528; x_wconf 88' lang='lat' dir='ltr'>est</span> <span class='ocrx_word' id='word_1_154' title='bbox 1467 2457 1505 2528; x_wconf 96' lang='lat' dir='ltr'>in</span> <span class='ocrx_word' id='word_1_155' title='bbox 1524 2469 1619 2530; x_wconf 87' lang='lat' dir='ltr'>tote.</span> 
     </span>
    </p>
   </div>
   <div class='ocr_carea' id='block_1_7' title="bbox 846 2688 1126 2760">
    <p class='ocr_par' dir='ltr' id='par_1_7' title="bbox 846 2688 1126 2760">
     <span class='ocr_line' id='line_1_17' title="bbox 846 2688 1126 2760; baseline -0.004 -1"><span class='ocrx_word' id='word_1_156' title='bbox 846 2689 910 2760; x_wconf 82' lang='lat' dir='ltr'>Vl.</span> <span class='ocrx_word' id='word_1_157' title='bbox 936 2688 1126 2758; x_wconf 79' lang='lat' dir='ltr'>Conclttnt&#39;o,</span> 
     </span>
    </p>
   </div>
   <div class='ocr_carea' id='block_1_8' title="bbox 191 2863 1790 3214">
    <p class='ocr_par' dir='ltr' id='par_1_8' title="bbox 191 2863 1790 3214">
     <span class='ocr_line' id='line_1_18' title="bbox 263 2863 1786 2965; baseline -0.001 -26"><span class='ocrx_word' id='word_1_158' title='bbox 263 2865 507 2965; x_wconf 78' lang='lat' dir='ltr'>Ambiginon</span> <span class='ocrx_word' id='word_1_159' title='bbox 526 2876 647 2964; x_wconf 85' lang='lat' dir='ltr'>potest</span> <span class='ocrx_word' id='word_1_160' title='bbox 667 2863 754 2963; x_wconf 93' lang='lat' dir='ltr'>quin</span> <span class='ocrx_word' id='word_1_161' title='bbox 779 2866 956 2936; x_wconf 80' lang='lat' dir='ltr'>bor-orient</span> <span class='ocrx_word' id='word_1_162' title='bbox 974 2890 995 2936; x_wconf 89' lang='lat' dir='ltr'>a</span> <span class='ocrx_word' id='word_1_163' title='bbox 1015 2863 1183 2961; x_wconf 88' lang='lat' dir='ltr'>sequenti</span> <span class='ocrx_word' id='word_1_164' title='bbox 1205 2863 1300 2938; x_wconf 91' lang='lat' dir='ltr'>libro</span> <span class='ocrx_word' id='word_1_165' title='bbox 1320 2877 1532 2962; x_wconf 86' lang='lat' dir='ltr'>excerptum</span> <span class='ocrx_word' id='word_1_166' title='bbox 1556 2864 1684 2951; x_wconf 85' lang='lat' dir='ltr'>fuerit,</span> <span class='ocrx_word' id='word_1_167' title='bbox 1708 2890 1786 2938; x_wconf 92' lang='lat' dir='ltr'>narn</span> 
     </span>
     <span class='ocr_line' id='line_1_19' title="bbox 191 2987 1786 3087; baseline -0.002 -24"><span class='ocrx_word' id='word_1_168' title='bbox 191 2992 282 3065; x_wconf 89' lang='lat' dir='ltr'>bene</span> <span class='ocrx_word' id='word_1_169' title='bbox 302 2992 473 3064; x_wconf 88' lang='lat' dir='ltr'>cohaeret</span> <span class='ocrx_word' id='word_1_170' title='bbox 490 3014 572 3062; x_wconf 92' lang='lat' dir='ltr'>cum</span> <span class='ocrx_word' id='word_1_171' title='bbox 592 2989 675 3061; x_wconf 88' lang='lat' dir='ltr'>aliis</span> <span class='ocrx_word' id='word_1_172' title='bbox 696 2987 862 3087; x_wconf 88' lang='lat' dir='ltr'>partibus</span> <span class='ocrx_word' id='word_1_173' title='bbox 883 3001 920 3061; x_wconf 90' lang='lat' dir='ltr'>et</span> <span class='ocrx_word' id='word_1_174' title='bbox 940 2988 1050 3061; x_wconf 89' lang='lat' dir='ltr'>etiam</span> <span class='ocrx_word' id='word_1_175' title='bbox 1069 3013 1152 3060; x_wconf 92' lang='lat' dir='ltr'>cum</span> <span class='ocrx_word' id='word_1_176' title='bbox 1172 2987 1318 3061; x_wconf 88' lang='lat' dir='ltr'>obiecto</span> <span class='ocrx_word' id='word_1_177' title='bbox 1340 2989 1665 3086; x_wconf 87' lang='lat' dir='ltr'>apotelesmaticae</span> <span class='ocrx_word' id='word_1_178' title='bbox 1687 2990 1786 3062; x_wconf 89' lang='lat' dir='ltr'>artis.</span> 
     </span>
     <span class='ocr_line' id='line_1_20' title="bbox 192 3111 1790 3214; baseline -0.003 -25"><span class='ocrx_word' id='word_1_179' title='bbox 192 3117 295 3189; x_wconf 91' lang='lat' dir='ltr'>Unde</span> <span class='ocrx_word' id='word_1_180' title='bbox 314 3139 433 3213; x_wconf 90' lang='lat' dir='ltr'>neque</span> <span class='ocrx_word' id='word_1_181' title='bbox 456 3113 648 3213; x_wconf 89' lang='lat' dir='ltr'>gnosticns</span> <span class='ocrx_word' id='word_1_182' title='bbox 670 3137 788 3211; x_wconf 89' lang='lat' dir='ltr'>neque</span> <span class='ocrx_word' id='word_1_183' title='bbox 814 3111 1036 3185; x_wconf 87' lang='lat' dir='ltr'>christianus</span> <span class='ocrx_word' id='word_1_184' title='bbox 1056 3125 1126 3196; x_wconf 89' lang='lat' dir='ltr'>est,</span> <span class='ocrx_word' id='word_1_185' title='bbox 1150 3112 1215 3185; x_wconf 92' lang='lat' dir='ltr'>sed</span> <span class='ocrx_word' id='word_1_186' title='bbox 1236 3124 1428 3210; x_wconf 90' lang='lat' dir='ltr'>promanat</span> <span class='ocrx_word' id='word_1_187' title='bbox 1450 3138 1494 3185; x_wconf 86' lang='lat' dir='ltr'>ex</span> <span class='ocrx_word' id='word_1_188' title='bbox 1512 3137 1626 3211; x_wconf 92' lang='lat' dir='ltr'>opere</span> <span class='ocrx_word' id='word_1_189' title='bbox 1646 3114 1790 3214; x_wconf 86' lang='lat' dir='ltr'>magico</span> 
     </span>
    </p>
   </div>
   <div class='ocr_carea' id='block_1_9' title="bbox 191 3236 1792 3833">
    <p class='ocr_par' dir='ltr' id='par_1_9' title="bbox 191 3236 1792 3833">
     <span class='ocr_line' id='line_1_21' title="bbox 191 3236 1790 3340; baseline -0.003 -27"><span class='ocrx_word' id='word_1_190' title='bbox 191 3240 386 3340; x_wconf 75' lang='lat' dir='ltr'>Apollonio</span> <span class='ocrx_word' id='word_1_191' title='bbox 400 3238 585 3337; x_wconf 84' lang='lat' dir='ltr'>Tyanensi</span> <span class='ocrx_word' id='word_1_192' title='bbox 601 3237 799 3336; x_wconf 88' lang='lat' dir='ltr'>adscripto.</span> <span class='ocrx_word' id='word_1_193' title='bbox 820 3236 895 3309; x_wconf 90' lang='lat' dir='ltr'>Sub</span> <span class='ocrx_word' id='word_1_194' title='bbox 909 3236 1113 3335; x_wconf 86' lang='lat' dir='ltr'>patrocinio</span> <span class='ocrx_word' id='word_1_195' title='bbox 1132 3237 1249 3335; x_wconf 91' lang='lat' dir='ltr'>patris</span> <span class='ocrx_word' id='word_1_196' title='bbox 1271 3236 1388 3310; x_wconf 89' lang='lat' dir='ltr'>nostri</span> <span class='ocrx_word' id='word_1_197' title='bbox 1406 3237 1524 3309; x_wconf 87' lang='lat' dir='ltr'>Adam</span> <span class='ocrx_word' id='word_1_198' title='bbox 1543 3237 1709 3336; x_wconf 90' lang='lat' dir='ltr'>positum</span> <span class='ocrx_word' id='word_1_199' title='bbox 1728 3238 1790 3309; x_wconf 84' lang='lat' dir='ltr'>init</span> 
     </span>
     <span class='ocr_line' id='line_1_22' title="bbox 191 3340 1791 3461; baseline -0.003 -25"><span class='ocrx_word' id='word_1_200' title='bbox 191 3376 231 3437; x_wconf 92' lang='lat' dir='ltr'>ut</span> <span class='ocrx_word' id='word_1_201' title='bbox 259 3377 465 3436; x_wconf 88' lang='lat' dir='ltr'>servaretur</span> <span class='ocrx_word' id='word_1_202' title='bbox 480 3361 526 3435; x_wconf 90' lang='lat' dir='ltr'>ab</span> <span class='ocrx_word' id='word_1_203' title='bbox 546 3362 633 3461; x_wconf 91' lang='lat' dir='ltr'>igne</span> <span class='ocrx_word' id='word_1_204' title='bbox 654 3362 713 3435; x_wconf 92' lang='lat' dir='ltr'>cui</span> <span class='ocrx_word' id='word_1_205' title='bbox 736 3361 860 3435; x_wconf 89' lang='lat' dir='ltr'>dedita</span> <span class='ocrx_word' id='word_1_206' title='bbox 883 3340 987 3433; x_wconf 87' lang='lat' dir='ltr'>crant</span> <span class='ocrx_word' id='word_1_207' title='bbox 1010 3361 1154 3460; x_wconf 84' lang='lat' dir='ltr'>magiae</span> <span class='ocrx_word' id='word_1_208' title='bbox 1177 3364 1322 3460; x_wconf 84' lang='lat' dir='ltr'>opera³,</span> <span class='ocrx_word' id='word_1_209' title='bbox 1346 3373 1383 3434; x_wconf 90' lang='lat' dir='ltr'>et</span> <span class='ocrx_word' id='word_1_210' title='bbox 1398 3360 1508 3434; x_wconf 89' lang='lat' dir='ltr'>etiam</span> <span class='ocrx_word' id='word_1_211' title='bbox 1528 3361 1616 3460; x_wconf 92' lang='lat' dir='ltr'>quia</span> <span class='ocrx_word' id='word_1_212' title='bbox 1638 3363 1791 3435; x_wconf 81' lang='lat' dir='ltr'>maxime</span> 
     </span>
     <span class='ocr_line' id='line_1_23' title="bbox 191 3484 1792 3587; baseline -0.006 -25"><span class='ocrx_word' id='word_1_213' title='bbox 191 3501 328 3587; x_wconf 91' lang='lat' dir='ltr'>patrem</span> <span class='ocrx_word' id='word_1_214' title='bbox 351 3500 513 3560; x_wconf 87' lang='lat' dir='ltr'>nostrum</span> <span class='ocrx_word' id='word_1_215' title='bbox 534 3487 652 3559; x_wconf 74' lang='lat' dir='ltr'>Adana</span> <span class='ocrx_word' id='word_1_216' title='bbox 677 3486 831 3560; x_wconf 78' lang='lat' dir='ltr'>decebat</span> <span class='ocrx_word' id='word_1_217' title='bbox 853 3485 1000 3558; x_wconf 89' lang='lat' dir='ltr'>nomina</span> <span class='ocrx_word' id='word_1_218' title='bbox 1020 3486 1189 3559; x_wconf 91' lang='lat' dir='ltr'>omnibus</span> <span class='ocrx_word' id='word_1_219' title='bbox 1214 3484 1361 3558; x_wconf 90' lang='lat' dir='ltr'>entibus</span> <span class='ocrx_word' id='word_1_220' title='bbox 1386 3488 1556 3584; x_wconf 78' lang='lat' dir='ltr'>ponere⁴.</span> <span class='ocrx_word' id='word_1_221' title='bbox 1581 3486 1691 3560; x_wconf 90' lang='lat' dir='ltr'>Unde</span> <span class='ocrx_word' id='word_1_222' title='bbox 1715 3493 1792 3557; x_wconf 79' lang='lat' dir='ltr'>Ter·</span> 
     </span>
     <span class='ocr_line' id='line_1_24' title="bbox 192 3609 1791 3708; baseline -0.004 -22"><span class='ocrx_word' id='word_1_223' title='bbox 192 3627 377 3686; x_wconf 78' lang='lat' dir='ltr'>ternentnrn</span> <span class='ocrx_word' id='word_1_224' title='bbox 403 3614 508 3682; x_wconf 74' lang='lat' dir='ltr'>Adone</span> <span class='ocrx_word' id='word_1_225' title='bbox 540 3624 683 3684; x_wconf 88' lang='lat' dir='ltr'>erutum</span> <span class='ocrx_word' id='word_1_226' title='bbox 711 3623 767 3684; x_wconf 90' lang='lat' dir='ltr'>est</span> <span class='ocrx_word' id='word_1_227' title='bbox 792 3611 925 3708; x_wconf 87' lang='lat' dir='ltr'>partim</span> <span class='ocrx_word' id='word_1_228' title='bbox 947 3635 966 3682; x_wconf 90' lang='lat' dir='ltr'>e</span> <span class='ocrx_word' id='word_1_229' title='bbox 987 3611 1144 3704; x_wconf 77' lang='lat' dir='ltr'>spelunea</span> <span class='ocrx_word' id='word_1_230' title='bbox 1174 3613 1423 3682; x_wconf 73' lang='lat' dir='ltr'>Theramenem</span> <span class='ocrx_word' id='word_1_231' title='bbox 1449 3621 1485 3682; x_wconf 89' lang='lat' dir='ltr'>et</span> <span class='ocrx_word' id='word_1_232' title='bbox 1506 3609 1641 3708; x_wconf 86' lang='lat' dir='ltr'>partim</span> <span class='ocrx_word' id='word_1_233' title='bbox 1663 3634 1684 3682; x_wconf 91' lang='lat' dir='ltr'>e</span> <span class='ocrx_word' id='word_1_234' title='bbox 1711 3612 1791 3681; x_wconf 81' lang='lat' dir='ltr'>libro</span> 
     </span>
     <span class='ocr_line' id='line_1_25' title="bbox 192 3726 690 3833; baseline -0.006 -25"><span class='ocrx_word' id='word_1_235' title='bbox 192 3738 471 3832; x_wconf 77' lang='lat' dir='ltr'>,tpctelennctntn</span> <span class='ocrx_word' id='word_1_236' title='bbox 492 3726 690 3833; x_wconf 86' lang='lat' dir='ltr'>Apollonii.</span> 
     </span>
    </p>
   </div>
   <div class='ocr_carea' id='block_1_10' title="bbox 1454 3860 1617 3930">
    <p class='ocr_par' dir='ltr' id='par_1_10' title="bbox 1454 3860 1617 3930">
     <span class='ocr_line' id='line_1_26' title="bbox 1454 3860 1617 3930; baseline 0 0"><span class='ocrx_word' id='word_1_237' title='bbox 1454 3860 1494 3930; x_wconf 77' lang='lat' dir='ltr'>F.</span> <span class='ocrx_word' id='word_1_238' title='bbox 1524 3860 1617 3930; x_wconf 77' lang='lat' dir='ltr'>Nau.</span> 
     </span>
    </p>
   </div>
   <div class='ocr_carea' id='block_1_11' title="bbox 192 4059 1788 4675">
    <p class='ocr_par' dir='ltr' id='par_1_11' title="bbox 193 4059 1788 4252">
     <span class='ocr_line' id='line_1_27' title="bbox 255 4059 1788 4144; baseline -0.005 -17"><span class='ocrx_word' id='word_1_239' title='bbox 255 4072 281 4127; x_wconf 89' lang='lat'>1.</span> <span class='ocrx_word' id='word_1_240' title='bbox 301 4064 348 4127; x_wconf 83' lang='lat' dir='ltr'>Cf.</span> <span class='ocrx_word' id='word_1_241' title='bbox 371 4064 468 4126; x_wconf 70' lang='lat' dir='ltr'>Texta</span> <span class='ocrx_word' id='word_1_242' title='bbox 489 4062 560 4124; x_wconf 82' lang='lat' dir='ltr'>and</span> <span class='ocrx_word' id='word_1_243' title='bbox 579 4061 720 4137; x_wconf 72' lang='lat' dir='ltr'>Studien,</span> <span class='ocrx_word' id='word_1_244' title='bbox 740 4060 779 4133; x_wconf 93' lang='grc'>11,</span> <span class='ocrx_word' id='word_1_245' title='bbox 796 4065 826 4136; x_wconf 91' lang='grc'>2,</span> <span class='ocrx_word' id='word_1_246' title='bbox 849 4082 881 4144; x_wconf 94' lang='lat' dir='ltr'>p.</span> <span class='ocrx_word' id='word_1_247' title='bbox 906 4066 973 4123; x_wconf 83' lang='lat'>121.</span> <span class='ocrx_word' id='word_1_248' title='bbox 991 4060 1035 4123; x_wconf 89' lang='lat' dir='ltr'>M.</span> <span class='ocrx_word' id='word_1_249' title='bbox 1053 4060 1091 4124; x_wconf 80' lang='lat' dir='ltr'>R.</span> <span class='ocrx_word' id='word_1_250' title='bbox 1114 4061 1142 4122; x_wconf 87' lang='lat' dir='ltr'>J.</span> <span class='ocrx_word' id='word_1_251' title='bbox 1166 4060 1308 4126; x_wconf 85' lang='lat' dir='ltr'>codicem</span> <span class='ocrx_word' id='word_1_252' title='bbox 1329 4066 1408 4123; x_wconf 79' lang='grc'>2119</span> <span class='ocrx_word' id='word_1_253' title='bbox 1427 4060 1545 4144; x_wconf 88' lang='lat' dir='ltr'>partim</span> <span class='ocrx_word' id='word_1_254' title='bbox 1567 4059 1742 4144; x_wconf 86' lang='lat' dir='ltr'>exscripsit</span> <span class='ocrx_word' id='word_1_255' title='bbox 1760 4069 1788 4121; x_wconf 85' lang='lat' dir='ltr'>et</span> 
     </span>
     <span class='ocr_line' id='line_1_28' title="bbox 193 4165 1785 4252; baseline -0.006 -18"><span class='ocrx_word' id='word_1_256' title='bbox 193 4173 321 4236; x_wconf 89' lang='lat' dir='ltr'>nomina</span> <span class='ocrx_word' id='word_1_257' title='bbox 335 4171 485 4243; x_wconf 87' lang='lat' dir='ltr'>hebraea,</span> <span class='ocrx_word' id='word_1_258' title='bbox 498 4177 533 4231; x_wconf 89' lang='lat' dir='ltr'>ut</span> <span class='ocrx_word' id='word_1_259' title='bbox 548 4169 695 4244; x_wconf 88' lang='lat' dir='ltr'>obseura,</span> <span class='ocrx_word' id='word_1_260' title='bbox 708 4167 826 4231; x_wconf 84' lang='lat' dir='ltr'>omisit.</span> <span class='ocrx_word' id='word_1_261' title='bbox 839 4168 988 4230; x_wconf 76' lang='lat' dir='ltr'>deseruit</span> <span class='ocrx_word' id='word_1_262' title='bbox 1001 4177 1124 4230; x_wconf 86' lang='lat' dir='ltr'>textum</span> <span class='ocrx_word' id='word_1_263' title='bbox 1136 4189 1290 4252; x_wconf 86' lang='lat' dir='ltr'>graecum</span> <span class='ocrx_word' id='word_1_264' title='bbox 1302 4187 1376 4232; x_wconf 82' lang='lat' dir='ltr'>essa</span> <span class='ocrx_word' id='word_1_265' title='bbox 1387 4167 1569 4231; x_wconf 80' lang='lat' dir='ltr'>versionem</span> <span class='ocrx_word' id='word_1_266' title='bbox 1579 4165 1785 4230; x_wconf 83' lang='lat' dir='ltr'>Testamenti.</span> 
     </span>
    </p>

    <p class='ocr_par' dir='ltr' id='par_1_12' title="bbox 252 4272 1658 4356">
     <span class='ocr_line' id='line_1_29' title="bbox 252 4272 1658 4356; baseline -0.004 -14"><span class='ocrx_word' id='word_1_267' title='bbox 252 4286 281 4344; x_wconf 91' lang='grc'>2.</span> <span class='ocrx_word' id='word_1_268' title='bbox 297 4278 369 4342; x_wconf 80' lang='lat' dir='ltr'>Das</span> <span class='ocrx_word' id='word_1_269' title='bbox 384 4274 791 4356; x_wconf 60' lang='lat' dir='ltr'>Aradiavit-Aethiopiam</span> <span class='ocrx_word' id='word_1_270' title='bbox 813 4274 1055 4337; x_wconf 79' lang='lat' dir='ltr'>Testamentum</span> <span class='ocrx_word' id='word_1_271' title='bbox 1071 4272 1205 4352; x_wconf 83' lang='lat' dir='ltr'>Ademi,</span> <span class='ocrx_word' id='word_1_272' title='bbox 1224 4274 1374 4350; x_wconf 88' lang='lat' dir='ltr'>Giessen,</span> <span class='ocrx_word' id='word_1_273' title='bbox 1394 4280 1481 4349; x_wconf 92' lang='grc'>1906,</span> <span class='ocrx_word' id='word_1_274' title='bbox 1495 4293 1529 4356; x_wconf 94' lang='lat' dir='ltr'>p.</span> <span class='ocrx_word' id='word_1_275' title='bbox 1548 4279 1658 4336; x_wconf 86' lang='grc'>17-18.</span> 
     </span>
    </p>

    <p class='ocr_par' dir='ltr' id='par_1_13' title="bbox 192 4379 1784 4574">
     <span class='ocr_line' id='line_1_30' title="bbox 251 4379 1784 4466; baseline -0.004 -21"><span class='ocrx_word' id='word_1_276' title='bbox 251 4392 281 4447; x_wconf 84' lang='grc'>3.</span> <span class='ocrx_word' id='word_1_277' title='bbox 304 4384 385 4447; x_wconf 90' lang='lat' dir='ltr'>Nam</span> <span class='ocrx_word' id='word_1_278' title='bbox 402 4403 500 4466; x_wconf 88' lang='lat' dir='ltr'>opera</span> <span class='ocrx_word' id='word_1_279' title='bbox 522 4380 732 4465; x_wconf 89' lang='lat' dir='ltr'>astrologiae.</span> <span class='ocrx_word' id='word_1_280' title='bbox 749 4381 833 4443; x_wconf 89' lang='lat' dir='ltr'>sient</span> <span class='ocrx_word' id='word_1_281' title='bbox 852 4390 885 4443; x_wconf 88' lang='lat' dir='ltr'>et</span> <span class='ocrx_word' id='word_1_282' title='bbox 904 4380 1049 4465; x_wconf 89' lang='lat' dir='ltr'>magicae</span> <span class='ocrx_word' id='word_1_283' title='bbox 1069 4380 1162 4460; x_wconf 87' lang='lat' dir='ltr'>artis,</span> <span class='ocrx_word' id='word_1_284' title='bbox 1181 4379 1222 4442; x_wconf 91' lang='lat' dir='ltr'>ad</span> <span class='ocrx_word' id='word_1_285' title='bbox 1239 4380 1349 4463; x_wconf 86' lang='lat' dir='ltr'>ignem</span> <span class='ocrx_word' id='word_1_286' title='bbox 1364 4381 1516 4443; x_wconf 90' lang='lat' dir='ltr'>damnata</span> <span class='ocrx_word' id='word_1_287' title='bbox 1534 4388 1639 4444; x_wconf 89' lang='lat' dir='ltr'>erant.</span> <span class='ocrx_word' id='word_1_288' title='bbox 1656 4380 1706 4444; x_wconf 84' lang='lat' dir='ltr'>ct.</span> <span class='ocrx_word' id='word_1_289' title='bbox 1722 4379 1784 4441; x_wconf 84' lang='lat' dir='ltr'>Pe·</span> 
     </span>
     <span class='ocr_line' id='line_1_31' title="bbox 192 4485 1600 4574; baseline -0.004 -21"><span class='ocrx_word' id='word_1_290' title='bbox 192 4492 332 4574; x_wconf 75' lang='lat' dir='ltr'>(relegio</span> <span class='ocrx_word' id='word_1_291' title='bbox 348 4489 538 4567; x_wconf 79' lang='lat' dir='ltr'>orientatis,</span> <span class='ocrx_word' id='word_1_292' title='bbox 554 4496 577 4550; x_wconf 91' lang='lat' dir='ltr'>t.</span> <span class='ocrx_word' id='word_1_293' title='bbox 595 4486 635 4562; x_wconf 90' lang='grc'>11,</span> <span class='ocrx_word' id='word_1_294' title='bbox 653 4488 731 4549; x_wconf 79' lang='lat' dir='ltr'>fasc.</span> <span class='ocrx_word' id='word_1_295' title='bbox 751 4493 777 4560; x_wconf 92' lang='grc'>1,</span> <span class='ocrx_word' id='word_1_296' title='bbox 801 4486 856 4549; x_wconf 80' lang='lat' dir='ltr'>i&#39;r&#39;e</span> <span class='ocrx_word' id='word_1_297' title='bbox 871 4486 912 4549; x_wconf 83' lang='lat' dir='ltr'>de</span> <span class='ocrx_word' id='word_1_298' title='bbox 924 4486 1052 4564; x_wconf 76' lang='lat' dir='ltr'>Se&#39;eere,</span> <span class='ocrx_word' id='word_1_299' title='bbox 1069 4507 1128 4569; x_wconf 92' lang='lat' dir='ltr'>par</span> <span class='ocrx_word' id='word_1_300' title='bbox 1144 4486 1297 4549; x_wconf 88' lang='lat' dir='ltr'>Zacharic</span> <span class='ocrx_word' id='word_1_301' title='bbox 1314 4485 1344 4549; x_wconf 91' lang='lat' dir='ltr'>le</span> <span class='ocrx_word' id='word_1_302' title='bbox 1361 4485 1600 4569; x_wconf 88' lang='lat' dir='ltr'>Scholastique.</span> 
     </span>
    </p>

    <p class='ocr_par' dir='ltr' id='par_1_14' title="bbox 253 4592 1041 4675">
     <span class='ocr_line' id='line_1_32' title="bbox 253 4592 1041 4675; baseline -0.006 -15"><span class='ocrx_word' id='word_1_303' title='bbox 253 4602 281 4659; x_wconf 79' lang='lat'>4.</span> <span class='ocrx_word' id='word_1_304' title='bbox 297 4597 346 4660; x_wconf 81' lang='lat' dir='ltr'>Cf.</span> <span class='ocrx_word' id='word_1_305' title='bbox 366 4596 511 4672; x_wconf 70' lang='lat' dir='ltr'>Genetes,</span> <span class='ocrx_word' id='word_1_306' title='bbox 531 4615 565 4669; x_wconf 91' lang='lat' dir='ltr'>rr,</span> <span class='ocrx_word' id='word_1_307' title='bbox 585 4598 680 4655; x_wconf 90' lang='grc'>19-20</span> <span class='ocrx_word' id='word_1_308' title='bbox 694 4603 726 4655; x_wconf 87' lang='lat' dir='ltr'>et</span> <span class='ocrx_word' id='word_1_309' title='bbox 740 4614 856 4675; x_wconf 81' lang='lat' dir='ltr'>supra,</span> <span class='ocrx_word' id='word_1_310' title='bbox 873 4592 934 4655; x_wconf 91' lang='lat' dir='ltr'>col.</span> <span class='ocrx_word' id='word_1_311' title='bbox 954 4597 1041 4655; x_wconf 91' lang='grc'>1329.</span> 
     </span>
    </p>
   </div>
   <div class='ocr_carea' id='block_1_12' title="bbox 766 4780 1210 4827">
    <p class='ocr_par' dir='ltr' id='par_1_15' title="bbox 766 4780 1210 4827">
     <span class='ocr_line' id='line_1_33' title="bbox 766 4780 1210 4827; baseline 0 -1"><span class='ocrx_word' id='word_1_312' title='bbox 766 4780 990 4827; x_wconf 80' lang='lat' dir='ltr'>CONSPECTUS</span> <span class='ocrx_word' id='word_1_313' title='bbox 1017 4780 1210 4827; x_wconf 73' lang='lat' dir='ltr'>stotonure.</span> 
     </span>
    </p>
   </div>
   <div class='ocr_carea' id='block_1_13' title="bbox 260 4933 1784 5527">
    <p class='ocr_par' dir='ltr' id='par_1_16' title="bbox 266 4933 1199 5026">
     <span class='ocr_line' id='line_1_34' title="bbox 266 4933 1199 5026; baseline -0.006 -17"><span class='ocrx_word' id='word_1_314' title='bbox 266 4939 297 5009; x_wconf 77' lang='grc' dir='ltr'>Α</span> <span class='ocrx_word' id='word_1_315' title='bbox 324 4974 370 4998; x_wconf 85' lang='lat'>·-·:</span> <span class='ocrx_word' id='word_1_316' title='bbox 397 4935 489 5009; x_wconf 92' lang='lat' dir='ltr'>Cod.</span> <span class='ocrx_word' id='word_1_317' title='bbox 514 4933 630 5007; x_wconf 90' lang='lat' dir='ltr'>Paris.</span> <span class='ocrx_word' id='word_1_318' title='bbox 655 4960 796 5026; x_wconf 75' lang='lat' dir='ltr'>proteus·</span> <span class='ocrx_word' id='word_1_319' title='bbox 871 4934 1103 5021; x_wconf 69' lang='grc'>2419181160.</span> <span class='ocrx_word' id='word_1_320' title='bbox 1128 4946 1199 5026; x_wconf 80' lang='lat' dir='ltr'>xv).</span> 
     </span>
    </p>

    <p class='ocr_par' dir='ltr' id='par_1_17' title="bbox 266 5059 1216 5153">
     <span class='ocr_line' id='line_1_35' title="bbox 266 5059 1216 5153; baseline -0.003 -22"><span class='ocrx_word' id='word_1_321' title='bbox 266 5064 293 5131; x_wconf 79' lang='lat' dir='ltr'>B</span> <span class='ocrx_word' id='word_1_322' title='bbox 321 5098 355 5120; x_wconf 83' lang='lat'>:-</span> <span class='ocrx_word' id='word_1_323' title='bbox 653 5061 766 5153; x_wconf 77' lang='lat' dir='ltr'>nrtppl.</span> <span class='ocrx_word' id='word_1_324' title='bbox 787 5085 841 5151; x_wconf 79' lang='lat' dir='ltr'>pr.</span> <span class='ocrx_word' id='word_1_325' title='bbox 874 5059 965 5129; x_wconf 79' lang='grc'>1148</span> <span class='ocrx_word' id='word_1_326' title='bbox 992 5062 1104 5150; x_wconf 87' lang='lat' dir='ltr'>(saec.</span> <span class='ocrx_word' id='word_1_327' title='bbox 1128 5062 1216 5150; x_wconf 89' lang='grc' dir='ltr'>ιιιι).</span> 
     </span>
    </p>

    <p class='ocr_par' dir='ltr' id='par_1_18' title="bbox 263 5182 1194 5275">
     <span class='ocr_line' id='line_1_36' title="bbox 263 5182 1194 5275; baseline -0.006 -18"><span class='ocrx_word' id='word_1_328' title='bbox 263 5188 289 5257; x_wconf 89' lang='lat' dir='ltr'>C</span> <span class='ocrx_word' id='word_1_329' title='bbox 649 5208 791 5275; x_wconf 69' lang='lat' dir='ltr'>graecus</span> <span class='ocrx_word' id='word_1_330' title='bbox 866 5182 962 5254; x_wconf 82' lang='grc'>2316</span> <span class='ocrx_word' id='word_1_331' title='bbox 988 5186 1099 5271; x_wconf 89' lang='lat' dir='ltr'>(saec.</span> <span class='ocrx_word' id='word_1_332' title='bbox 1121 5185 1194 5272; x_wconf 82' lang='lat' dir='ltr'>xv).</span> 
     </span>
    </p>

    <p class='ocr_par' dir='ltr' id='par_1_19' title="bbox 261 5301 1613 5403">
     <span class='ocr_line' id='line_1_37' title="bbox 261 5301 1613 5403; baseline -0.006 -22"><span class='ocrx_word' id='word_1_333' title='bbox 261 5311 292 5381; x_wconf 92' lang='grc'>1)</span> <span class='ocrx_word' id='word_1_334' title='bbox 321 5345 324 5349; x_wconf 91' lang='grc'><strong><em>·</em></strong></span> <span class='ocrx_word' id='word_1_335' title='bbox 355 5346 364 5369; x_wconf 77' lang='lat'><em>2</em></span> <span class='ocrx_word' id='word_1_336' title='bbox 649 5309 762 5403; x_wconf 76' lang='lat' dir='ltr'>suppl.</span> <span class='ocrx_word' id='word_1_337' title='bbox 784 5333 839 5399; x_wconf 78' lang='lat' dir='ltr'>pr.</span> <span class='ocrx_word' id='word_1_338' title='bbox 863 5305 910 5378; x_wconf 89' lang='grc'>20</span> <span class='ocrx_word' id='word_1_339' title='bbox 984 5307 1044 5397; x_wconf 85' lang='lat' dir='ltr'>(ab</span> <span class='ocrx_word' id='word_1_340' title='bbox 1065 5309 1149 5378; x_wconf 90' lang='lat' dir='ltr'>lsm.</span> <span class='ocrx_word' id='word_1_341' title='bbox 1173 5303 1356 5381; x_wconf 88' lang='lat' dir='ltr'>Bullialdo</span> <span class='ocrx_word' id='word_1_342' title='bbox 1376 5301 1613 5401; x_wconf 86' lang='lat' dir='ltr'>exscriptus).</span> 
     </span>
    </p>

    <p class='ocr_par' dir='ltr' id='par_1_20' title="bbox 260 5426 1784 5527">
     <span class='ocr_line' id='line_1_38' title="bbox 260 5426 1784 5527; baseline -0.001 -26"><span class='ocrx_word' id='word_1_343' title='bbox 260 5434 277 5501; x_wconf 88' lang='lat' dir='ltr'>J</span> <span class='ocrx_word' id='word_1_344' title='bbox 317 5469 347 5490; x_wconf 85' lang='grc'>--</span> <span class='ocrx_word' id='word_1_345' title='bbox 381 5432 438 5504; x_wconf 92' lang='lat' dir='ltr'>cd.</span> <span class='ocrx_word' id='word_1_346' title='bbox 463 5435 512 5504; x_wconf 93' lang='lat' dir='ltr'>M.</span> <span class='ocrx_word' id='word_1_347' title='bbox 537 5433 580 5504; x_wconf 86' lang='lat' dir='ltr'>R.</span> <span class='ocrx_word' id='word_1_348' title='bbox 605 5434 735 5517; x_wconf 79' lang='lat' dir='ltr'>tames,</span> <span class='ocrx_word' id='word_1_349' title='bbox 758 5437 859 5503; x_wconf 67' lang='lat' dir='ltr'>Terta·</span> <span class='ocrx_word' id='word_1_350' title='bbox 878 5433 947 5503; x_wconf 76' lang='lat' dir='ltr'>arrd</span> <span class='ocrx_word' id='word_1_351' title='bbox 961 5433 1106 5511; x_wconf 77' lang='lat' dir='ltr'>Studien,</span> <span class='ocrx_word' id='word_1_352' title='bbox 1128 5432 1173 5515; x_wconf 90' lang='lat' dir='ltr'>ll,</span> <span class='ocrx_word' id='word_1_353' title='bbox 1195 5433 1230 5512; x_wconf 85' lang='lat'>3,</span> <span class='ocrx_word' id='word_1_354' title='bbox 1254 5426 1490 5527; x_wconf 90' lang='lat' dir='ltr'>Cambridge,</span> <span class='ocrx_word' id='word_1_355' title='bbox 1507 5426 1617 5515; x_wconf 83' lang='grc'>1893,</span> <span class='ocrx_word' id='word_1_356' title='bbox 1633 5452 1674 5527; x_wconf 95' lang='lat' dir='ltr'>p.</span> <span class='ocrx_word' id='word_1_357' title='bbox 1703 5428 1784 5501; x_wconf 80' lang='grc'>199-</span> 
     </span>
    </p>
   </div>
   <div class='ocr_carea' id='block_1_14' title="bbox 193 5555 270 5626">
    <p class='ocr_par' dir='ltr' id='par_1_21' title="bbox 193 5555 270 5626">
     <span class='ocr_line' id='line_1_39' title="bbox 193 5555 270 5626; baseline -0.013 0"><span class='ocrx_word' id='word_1_358' title='bbox 193 5555 270 5626; x_wconf 78' lang='grc'>144.</span> 
     </span>
    </p>
   </div>
   <div class='ocr_carea' id='block_1_15' title="bbox 0 0 1948 6308">
    <p class='ocr_par' dir='ltr' id='par_1_22' title="bbox 0 0 1948 6308">
     <span class='ocr_line' id='line_1_40' title="bbox 0 0 1948 6308; baseline 0 0"><span class='ocrx_word' id='word_1_359' title='bbox 0 0 1948 6308; x_wconf 95' lang='lat' dir='ltr'> </span> 
     </span>
    </p>
   </div>
  </div>
 </body>
</html>
