3878 6316
186 402 245 460 668
729 392 970 459 PRAEFATIO
991 431 1031 442 -
1053 394 1195 459 CAPUT
1218 396 1242 458 Ι.

184 582 348 644 senensis*
367 603 454 643 anno
469 585 528 647 577
544 579 757 661 Graecorum,
774 595 806 644 et
823 583 1003 644 catholicas
1021 596 1154 645 creatus
1169 597 1217 645 est
1236 583 1334 666 Pdpa
1353 587 1387 644 in
1409 583 1538 663 synodo
1553 586 1616 648 318
1631 584 1780 667 [tratrumj

185 719 270 780 quae
288 710 485 780 congregata
501 709 550 760 est
563 696 710 762 Nicaeae
725 719 812 758 anno
832 700 891 761 636
907 698 1126 776 Graecorum,
1140 711 1217 780 post
1235 719 1360 759 annum
1379 701 1418 761 59
1434 698 1657 760 ordinationis
1672 700 1778 762 suae².

188 812 331 897 Quidam
356 826 511 874 asserunt
534 832 605 874 eam
626 815 659 873 in
679 816 753 894 ipsa
772 812 898 892 synodo
919 812 1110 874 ordinatam
1130 834 1211 888 esse,
1233 812 1294 874 sed
1308 815 1411 894 salso.
1432 813 1477 875 Et
1496 815 1560 875 alii
1579 813 1697 875 dicunt
1716 834 1780 875 eunt

185 948 251 988 non
274 931 351 988 iisse
375 926 422 988 ad
443 926 617 1008 synodum,
639 926 699 987 sed
721 926 903 989 Simeonem
928 926 1001 988 Bar
1025 927 1177 1005 Sabbd‘c,
1203 927 1400 1010 discipulam
1424 949 1531 1006 sacrm,
1559 930 1723 992 misisse³.
1746 931 1782 993 Et

177 1053 257 1126 post
275 1063 388 1104 nonem
403 1064 509 1104 annor
523 1042 649 1124 synodo
663 1041 815 1106 Nicaena
831 1045 948 1124 (sactis)
965 1046 1162 1127 congregati
1173 1055 1253 1104 sunt
1271 1046 1418 1126 episcopi
1429 1046 1609 1107 orientales
1626 1059 1660 1106 et
1673 1044 1782 1128 Pa‘pae

184 1160 289 1218 malta
308 1160 448 1218 crimina
467 1161 662 1219 invexerant
688 1157 726 1217 ob
744 1157 860 1219 turbas
880 1177 967 1239 qaae
987 1179 1040 1220 res
1064 1159 1304 1220 ecclesiasticas
1318 1162 1513 1220 invaserunt
1527 1172 1674 1242 propter
1685 1162 1782 1243 negli-

181 1276 326 1357 gentiam
343 1276 424 1350 eius,
445 1285 477 1334 et
495 1275 592 1335 etlam
612 1274 820 1334 macularum
842 1276 986 1354 turpium
1008 1286 1248 1336 accusaverunt
1267 1294 1351 1336 eum.
1368 1274 1430 1336 Ille
1449 1286 1574 1353 aretem,
1593 1296 1670 1335 cum
1689 1290 1784 1337 semet

184 1409 345 1451 excusare
369 1409 435 1449 non
456 1391 621 1472 potuisset
644 1388 685 1451 de
711 1389 763 1451 bis
792 1388 833 1450 de
860 1390 978 1470 quibas
1008 1389 1321 1472 reprehendebatur,
1346 1391 1477 1452 elevans
1501 1411 1638 1451 manam
1668 1392 1783 1452 librum

184 1504 360 1586 Evangelii
376 1502 545 1566 adorandi
562 1506 597 1565 in
617 1504 701 1565 solio
722 1526 834 1565 coram
854 1525 889 1565 se
902 1507 1051 1587 positum
1065 1508 1235 1588 percussit
1252 1504 1365 1567 dicens
1380 1527 1391 1566 .·
1407 1504 1555 1587 Loquere
1576 1510 1608 1568 si
1629 1519 1682 1567 est
1702 1510 1736 1567 in
1758 1519 1786 1567 te

185 1640 303 1696 sermo,
321 1622 399 1702 quia
414 1619 545 1702 loquela
560 1618 678 1700 defecit
692 1639 754 1681 me.
774 1620 852 1704 Qua
865 1622 939 1701 ipsa
958 1620 1041 1682 bora
1059 1624 1195 1682 exaruit
1213 1620 1352 1682 deutera
1367 1623 1447 1682 eius.
1464 1621 1509 1682 Et
1523 1621 1661 1703 quidam
1677 1621 1787 1683 dicant

186 1737 354 1816 episcopos
373 1754 446 1796 cam
467 1734 624 1797 vidissent
642 1733 732 1816 quod
747 1734 877 1812 accidit,
897 1756 969 1796 eum
984 1734 1185 1818 deposuisse,
1209 1739 1287 1818 qaia
1302 1739 1470 1797 accusatio
1487 1757 1601 1797 eorum
1618 1739 1785 1818 eerr'flcata

186 1864 243 1912 est.
257 1849 301 1912 Et
320 1851 383 1911 alii
398 1849 512 1911 dicant
530 1871 602 1912 eam
622 1849 803 1933 depositum
823 1871 888 1911 non
908 1871 991 1928 esse,
1005 1871 1041 1913 eo
1065 1851 1154 1933 quod
1168 1851 1328 1913 dixissent
1347 1854 1514 1933 episcopi:
1529 1852 1659 1934 Sufficit
1675 1855 1787 1914 sicas·

186 1968 299 2049 tigatio
325 1965 451 2042 divina,
473 1986 559 2047 quae
586 1964 706 2027 accidit
731 1968 774 2028 ei.
799 1966 843 2028 Et
869 1968 1085 2049 reperiuntur
1113 1968 1270 2048 epistolae
1299 1968 1541 2028 consolatoriae
1565 1989 1587 2027 a
1610 1966 1646 2030 S.
1669 1967 1787 2029 Iacobo

185 2079 343 2142 Nisibeno
363 2094 393 2142 et
417 2083 515 2142 etiam
537 2103 559 2141 a
579 2082 613 2145 S.
636 2080 805 2162 Ephraem
825 2084 946 2143 missae
962 2080 1112 2143 adhunc
1131 2081 1261 2164 Pa‘pam
1285 2084 1323 2142 ob
1343 2085 1554 2144 amissionem
1579 2081 1740 2145 dexterae
1759 2096 1788 2144 et

186 2198 366 2277 increpatio
382 2209 497 2257 contra
516 2199 695 2278 episcopos,
714 2200 773 2278 qui
789 2196 951 2259 audacter
971 2196 1132 2259 adversus
1154 2217 1226 2259 eam
1243 2196 1497 2279 procedebant.
1518 2197 1564 2259 Et
1583 2197 1722 2280 quidam
1743 2198 1787 2259 di-

186 2323 265 2372 cuat
284 2312 439 2394 epistolas
458 2311 536 2373 illas
557 2312 731 2392 Iosepbum
755 2311 970 2390 Catholicam,
989 2334 1062 2374 cam
1083 2311 1249 2395 depositus
1270 2325 1363 2390 esset,
1381 2313 1634 2394 composuisse⁵.
1654 2313 1699 2375 Et
1711 2327 1788 2396 post

188 2447 287 2487 anum
310 2447 433 2488 annam
455 2429 679 2510 castigationis
700 2447 782 2489 suae
804 2440 957 2489 mortuus
983 2440 1042 2489 est.
1063 2427 1266 2490 Ministraeit
1288 2449 1363 2489 eero
1388 2430 1485 2489 annis
1514 2431 1562 2491 69.
1589 2426 1634 2488 Et
1656 2428 1737 2490 obiit
1756 2432 1787 2490 in

187 2543 259 2603 alta
276 2554 449 2604 senectute.
471 2541 543 2604 Alii
559 2541 672 2604 dicuat
695 2562 767 2604 eunt
783 2555 860 2625 post
877 2545 914 2606 t‘t
940 2564 1059 2621 annos,
1075 2556 1252 2626 postquam
1276 2543 1414 2604 deutera
1429 2547 1499 2604 eius
1517 2543 1716 2626 abripuisset
1735 2544 1788 2605 ob-

188 2660 282 2734 iisse,·
303 2678 428 2740 param
443 2669 569 2720 exacte.

262 2890 379 2989 Igitur
399 2888 652 2962 Barhebraeus
678 2889 822 2962 initium
846 2890 1085 2962 catholicatus
1109 2894 1233 2989 Papae
1261 2891 1307 2963 ad
1333 2915 1468 2962 annum
1494 2890 1567 2961 266
1590 2889 1697 2988 ponit
1717 2916 1785 2962 non

189 3048 297 3096 secus
318 3034 426 3120 atque
445 3024 547 3109 Amr,
570 3024 690 3121 quoad
713 3021 851 3122 reliqua
875 3035 997 3096 tamen
1021 3023 1170 3096 omnino
1193 3024 1427 3096 dissentiunt.
1448 3025 1546 3094 later
1571 3048 1630 3094 res
1649 3036 1783 3099 autem.

189 3180 279 3252 quas
306 3155 557 3228 Barhebraeus
584 3157 695 3229 rel'ert
721 3157 766 3229 de
791 3159 903 3254 Papa,
922 3157 1054 3228 summi
1078 3157 1251 3261 momenti
1272 3169 1328 3229 est
1348 3155 1531 3228 dissensio
1555 3155 1619 3226 illa
1642 3156 1785 3253 episco-

189 3312 317 3387 porum
336 3287 383 3359 ob
403 3313 512 3386 quarn
532 3289 696 3385 synodus
718 3288 907 3361 Seleuciae
927 3301 1127 3362 convocata
1147 3303 1216 3361 est.
1240 3289 1296 3361 Ab
1314 3289 1381 3360 hoo
1402 3302 1524 3360 autern
1544 3300 1678 3361 eventu
1697 3313 1788 3387 pen-

189 3422 251 3493 det
283 3420 523 3521 chronologia
556 3435 656 3494 recta
687 3421 809 3495 obitus
839 3425 960 3520 Papae
995 3435 1031 3495 et
1063 3422 1210 3494 initium
1242 3421 1482 3494 catholicatus
1517 3423 1552 3493 S.
1589 3421 1786 3494 Simeonis.

190 3553 366 3649 Quaestio
383 3567 505 3627 tamen
523 3555 594 3626 ista
615 3554 786 3653 perplexa
811 3554 918 3627 nimis
943 3567 1017 3640 est;
1040 3555 1132 3627 duae
1154 3554 1251 3627 enim
1270 3554 1499 3626 narrationes
1524 3553 1674 3625 omnino
1701 3579 1791 3624 con-

189 3686 322 3757 trariae
342 3697 494 3759 eventus
522 3687 629 3758 huius
650 3688 746 3786 apud
765 3691 877 3786 Syros
897 3688 1214 3761 circumferuntur.
1242 3689 1406 3781 Quarum
1423 3686 1607 3784 antiquior
1627 3685 1665 3757 in
1686 3686 1792 3758 Actis

192 3822 229 3890 S.
253 3817 351 3890 Milis
373 3819 543 3917 martyris
564 3834 777 3892 conservata
800 3833 868 3908 est,
885 3845 977 3916 quae
1003 3823 1139 3918 Papam
1166 3833 1294 3892 contra
1313 3818 1546 3916 disciplinam
1562 3818 1793 3891 eeclesiasti-

191 3976 270 4023 cam
298 3951 497 4050 deliquisse
526 3951 636 4024 refert
660 3965 696 4026 et
724 3953 977 4053 episcoporum
1007 3953 1224 4025 seditionem
1255 3977 1405 4050 prorsus
1430 3952 1563 4024 iustam
1590 3951 1793 4024 rationabi-

252 4154 261 4191 ⁴
280 4153 426 4216 Messene
448 4155 611 4237 provincia
630 4166 679 4218 est
694 4157 725 4218 in
746 4167 836 4239 parte
860 4156 1111 4239 Mesopotamiae
1132 4155 1332 4217 meridionali
1356 4155 1428 4216 sita.
1454 4154 1543 4216 Duae
1565 4163 1672 4216 autem
1694 4155 1794 4216 urbes

191 4260 250 4322 hac
265 4281 342 4322 voce
357 4259 567 4346 designantur
584 4283 590 4323 :
608 4260 897 4325 Karka-d-hlaihan
911 4291 948 4317 z
964 4262 1098 4324 Σπασίνου
1115 4262 1202 4343 χάραξ
1214 4271 1247 4323 et
1261 4261 1339 4323 Prat
1351 4257 1476 4322 Maisan
1492 4287 1529 4316 =
1542 4260 1698 4334 Bassora;
1716 4259 1793 4322 hinc

191 4365 253 4428 dici
273 4367 384 4450 nequit
400 4367 491 4429 euius
505 4368 594 4430 urbis
609 4369 743 4431 antistes
758 4369 854 4431 Iuerit
868 4367 985 4431 David.

251 4472 503 4536 ²Barhebraeus
522 4474 629 4557 itaque
651 4485 785 4537 mortem
809 4476 914 4559 Papae
937 4475 976 4536 ad
991 4496 1109 4536 annum
1131 4479 1190 4536 636
1213 4476 1336 4552 ÷s÷
1361 4480 1375 4534 1
1398 4501 1434 4528 =
1457 4477 1516 4534 646
1537 4473 1738 4536 Graecorum
1753 4502 1793 4529 =

191 4585 249 4642 335
264 4580 364 4661 ponit,
382 4580 433 4641 cui
448 4581 640 4642 conveniunt
651 4581 725 4642 anni
739 4588 779 4643 69
794 4582 1004 4644 catholicatus
1019 4581 1102 4643 eius,
1135 4621 1138 4626 .

251 4687 262 4722 ³
279 4685 349 4748 Una
363 4706 435 4748 curn
452 4665 621 4762 Sahdoste,
638 4696 674 4749 ut
687 4697 779 4770 putat
791 4689 870 4749 Amr
884 4688 1055 4751 chronicon
1071 4687 1170 4749 Maris
1185 4696 1328 4749 secutus

253 4793 263 4831 ⁴
281 4792 444 4875 Epistulas
461 4815 478 4853 o.
498 4793 608 4856 codice
627 4794 791 4878 Borgiano
811 4794 851 4857 K.
872 4794 914 4858 VI
938 4794 1101 4857 transtulit
1123 4794 1230 4855 Braun
1249 4793 1281 4854 in
1299 4792 1488 4862 Zeitscbrift
1500 4795 1560 4874 sia·
1578 4790 1794 4855 Katboliscbe

199 4899 377 4982 Theologic,
395 4910 417 4962 t.
449 4898 566 4973 XVIII,
589 4905 676 4975 1894,
699 4923 730 4984 p.
754 4907 809 4963 163
829 4923 901 4986 sqq.
923 4912 954 4963 et
974 4923 1008 4984 p.
1033 4906 1091 4963 546
1113 4922 1183 4985 sqq.
1206 4899 1371 4982 Epistolae
1394 4908 1501 4961 autem
1521 4898 1601 4960 istae
1621 4898 1654 4958 in
1679 4897 1791 4961 codice

192 5004 247 5065 illo
273 5005 377 5087 l‘apac
397 5006 633 5068 adscribuntur.
656 5007 760 5070 EtIam
781 5007 828 5070 St.
852 5007 888 5069 E.
913 5008 1096 5084 Assemani,
1120 5008 1205 5069 Acta
1227 5007 1286 5070 SS.
1312 5017 1498 5085 martyram
1522 5002 1735 5066 orientalium
1762 5019 1795 5066 et

191 5111 453 5190 occidentalium,
473 5134 549 5195 pars
569 5111 593 5188 I,
614 5112 745 5190 Romae,
765 5119 852 5189 1748,
869 5136 903 5197 p.
921 5119 970 5190 82,
990 5124 1056 5176 not.
1080 5120 1126 5189 15,
1147 5113 1340 5175 mentionem
1362 5112 1440 5175 iacit
1459 5110 1656 5174 recensIonis
1673 5109 1793 5172 Arme-

191 5238 250 5278 nae
266 5218 297 5278 in
318 5218 398 5280 Cod.
415 5220 513 5281 hrah.
533 5220 605 5283 Vat.
629 5220 716 5285 XCV
739 5222 893 5284 exstantis
916 5222 1088 5305 inscriptae
1107 5243 1113 5282 :
1133 5247 1147 5277 1
1164 5219 1214 5282 De
1235 5220 1493 5282 dissensionibus
1509 5231 1540 5281 et
1555 5216 1793 5280 contradictio·

191 5324 296 5401 nibus,
314 5346 400 5407 qaae
416 5346 457 5386 er
471 5327 627 5408 superbia
643 5331 797 5390 oriantur
813 5355 839 5389 1.
857 5327 1005 5390 Meminit
1021 5329 1117 5390 etIam
1139 5327 1295 5410 epistolae
1312 5353 1326 5383 1
1347 5325 1397 5387 De
1413 5324 1599 5388 Ambitione
1615 5350 1629 5382 s
1648 5324 1793 5407 inscrip-

190 5439 241 5491 tae
257 5440 299 5503 et,
314 5439 395 5492 teste
410 5432 531 5508 codice,
548 5454 568 5494 a
582 5432 696 5496 Iacobo
712 5433 864 5497 Nisibcno
880 5434 920 5497 ad
934 5433 1090 5517 synodum
1108 5433 1334 5497 Seleucensem
1350 5432 1477 5494 missae.

250 5537 262 5574 ⁵
279 5537 434 5620 Iosephus
448 5538 509 5601 iste
531 5560 613 5601 anno
627 5546 685 5603 554
708 5541 865 5623 synodum
887 5541 1011 5616 habuit,
1034 5540 1089 5603 ubi
1104 5541 1144 5603 ob
1160 5539 1262 5602 multa
1277 5539 1419 5601 facinora
1431 5538 1471 5600 ab
1491 5536 1653 5621 episcopis
1667 5535 1793 5601 Nesto-

191 5644 289 5706 rianis
299 5644 484 5727 increpatus
498 5655 530 5708 ct
543 5646 638 5729 paulo
653 5657 727 5731 post
741 5648 907 5731 depositus
920 5658 980 5711 est.
996 5648 1127 5723 (Braun,
1144 5646 1216 5710 Das
1232 5645 1326 5709 Bucb
1338 5644 1592 5727 dequabados,
1605 5663 1638 5727 p.
1657 5647 1716 5706 145
1729 5648 1793 5728 sq.)
