<?xml version="1.0" encoding="UTF-8"?>
<!DOCTYPE html PUBLIC "-//W3C//DTD XHTML 1.0 Transitional//EN"
    "http://www.w3.org/TR/xhtml1/DTD/xhtml1-transitional.dtd">
<html xmlns="http://www.w3.org/1999/xhtml" xml:lang="en" lang="en">
 <head>
  <title>
</title>
<meta http-equiv="Content-Type" content="text/html;charset=utf-8" />
  <meta name='ocr-system' content='tesseract 3.04.00' />
  <meta name='ocr-capabilities' content='ocr_page ocr_carea ocr_par ocr_line ocrx_word'/>
</head>
<body>
  <div class='ocr_page' id='page_1' title='image "./patrologiasyria00grafgoog_0337.png"; bbox 0 0 3878 6316; ppageno 0'>
   <div class='ocr_carea' id='block_1_1' title="bbox 193 369 1243 439">
    <p class='ocr_par' dir='ltr' id='par_1_1' title="bbox 193 369 1243 439">
     <span class='ocr_line' id='line_1_1' title="bbox 193 369 1243 439; baseline -0.003 0"><span class='ocrx_word' id='word_1_1' title='bbox 193 379 252 439; x_wconf 83' lang='lat'><strong><em>672</em></strong></span> <span class='ocrx_word' id='word_1_2' title='bbox 729 369 972 436; x_wconf 76' lang='lat' dir='ltr'><strong>PRAEFATIO</strong></span> <span class='ocrx_word' id='word_1_3' title='bbox 994 409 1033 417; x_wconf 95' lang='lat'><em>-</em></span> <span class='ocrx_word' id='word_1_4' title='bbox 1055 371 1197 438; x_wconf 83' lang='lat' dir='ltr'><strong>CAPUT</strong></span> <span class='ocrx_word' id='word_1_5' title='bbox 1219 374 1243 436; x_wconf 90' lang='lat'><strong><em>1.</em></strong></span> 
     </span>
    </p>
   </div>
   <div class='ocr_carea' id='block_1_2' title="bbox 191 561 1788 1682">
    <p class='ocr_par' dir='ltr' id='par_1_2' title="bbox 191 561 1788 1682">
     <span class='ocr_line' id='line_1_2' title="bbox 195 561 1785 643; baseline 0 -19"><span class='ocrx_word' id='word_1_6' title='bbox 195 565 352 624; x_wconf 89' lang='lat' dir='ltr'><strong><em>iustitiam</em></strong></span> <span class='ocrx_word' id='word_1_7' title='bbox 369 582 386 623; x_wconf 92' lang='lat' dir='ltr'><strong><em>e</em></strong></span> <span class='ocrx_word' id='word_1_8' title='bbox 405 574 496 623; x_wconf 92' lang='lat' dir='ltr'><strong><em>coctu</em></strong></span> <span class='ocrx_word' id='word_1_9' title='bbox 511 561 692 637; x_wconf 90' lang='lat' dir='ltr'><strong><em>secessisse,</em></strong></span> <span class='ocrx_word' id='word_1_10' title='bbox 707 561 910 641; x_wconf 91' lang='lat' dir='ltr'><strong><em>iniquitatem</em></strong></span> <span class='ocrx_word' id='word_1_11' title='bbox 926 562 959 620; x_wconf 91' lang='lat' dir='ltr'><strong><em>in</em></strong></span> <span class='ocrx_word' id='word_1_12' title='bbox 968 561 1220 642; x_wconf 74' lang='lat' dir='ltr'><em>praestantibus</em></span> <span class='ocrx_word' id='word_1_13' title='bbox 1234 574 1265 623; x_wconf 93' lang='lat' dir='ltr'><strong><em>et</em></strong></span> <span class='ocrx_word' id='word_1_14' title='bbox 1279 561 1417 643; x_wconf 73' lang='lat' dir='ltr'><strong><em>iniquis*</em></strong></span> <span class='ocrx_word' id='word_1_15' title='bbox 1434 581 1624 623; x_wconf 89' lang='lat' dir='ltr'><strong><em>successum</em></strong></span> <span class='ocrx_word' id='word_1_16' title='bbox 1639 563 1785 624; x_wconf 81' lang='lat' dir='ltr'><strong><em>babuisse</em></strong></span> 
     </span>
     <span class='ocr_line' id='line_1_3' title="bbox 199 674 1784 760; baseline 0.001 -22"><span class='ocrx_word' id='word_1_17' title='bbox 199 690 231 738; x_wconf 93' lang='lat' dir='ltr'><strong><em>et</em></strong></span> <span class='ocrx_word' id='word_1_18' title='bbox 247 681 414 740; x_wconf 70' lang='lat' dir='ltr'><strong><em>veritatem</em></strong></span> <span class='ocrx_word' id='word_1_19' title='bbox 432 676 474 736; x_wconf 89' lang='lat' dir='ltr'><strong><em>ab</em></strong></span> <span class='ocrx_word' id='word_1_20' title='bbox 493 675 706 738; x_wconf 74' lang='lat' dir='ltr'><strong><em>insolentibus</em></strong></span> <span class='ocrx_word' id='word_1_21' title='bbox 722 686 753 736; x_wconf 94' lang='lat' dir='ltr'><strong><em>et</em></strong></span> <span class='ocrx_word' id='word_1_22' title='bbox 772 677 881 737; x_wconf 89' lang='lat' dir='ltr'><strong><em>electis</em></strong></span> <span class='ocrx_word' id='word_1_23' title='bbox 900 674 1001 736; x_wconf 91' lang='lat' dir='ltr'><strong><em>simul</em></strong></span> <span class='ocrx_word' id='word_1_24' title='bbox 1017 678 1191 738; x_wconf 71' lang='lat' dir='ltr'><strong><em>recessisse</em></strong></span> <span class='ocrx_word' id='word_1_25' title='bbox 1210 675 1386 758; x_wconf 78' lang='lat' dir='ltr'><strong><em>ridensque</em></strong></span> <span class='ocrx_word' id='word_1_26' title='bbox 1401 676 1621 760; x_wconf 78' lang='lat' dir='ltr'><strong><em>Evangelium</em></strong></span> <span class='ocrx_word' id='word_1_27' title='bbox 1637 681 1673 738; x_wconf 89' lang='lat' dir='ltr'><strong><em>in</em></strong></span> <span class='ocrx_word' id='word_1_28' title='bbox 1689 679 1784 740; x_wconf 89' lang='lat' dir='ltr'><strong><em>medio</em></strong></span> 
     </span>
     <span class='ocr_line' id='line_1_4' title="bbox 191 789 1783 876; baseline 0 -22"><span class='ocrx_word' id='word_1_29' title='bbox 191 796 338 876; x_wconf 89' lang='lat' dir='ltr'><strong><em>positum</em></strong></span> <span class='ocrx_word' id='word_1_30' title='bbox 354 803 452 874; x_wconf 90' lang='lat' dir='ltr'><strong><em>atquc</em></strong></span> <span class='ocrx_word' id='word_1_31' title='bbox 467 792 594 853; x_wconf 93' lang='lat' dir='ltr'><strong><em>nullam</em></strong></span> <span class='ocrx_word' id='word_1_32' title='bbox 611 789 690 852; x_wconf 90' lang='lat' dir='ltr'><strong><em>dari</em></strong></span> <span class='ocrx_word' id='word_1_33' title='bbox 702 791 856 852; x_wconf 88' lang='lat' dir='ltr'><strong><em>ultionem</em></strong></span> <span class='ocrx_word' id='word_1_34' title='bbox 872 793 991 851; x_wconf 91' lang='lat' dir='ltr'><strong><em>iustam</em></strong></span> <span class='ocrx_word' id='word_1_35' title='bbox 1009 793 1094 852; x_wconf 89' lang='lat' dir='ltr'><strong><em>inter</em></strong></span> <span class='ocrx_word' id='word_1_36' title='bbox 1112 811 1147 853; x_wconf 91' lang='lat' dir='ltr'><strong><em>se</em></strong></span> <span class='ocrx_word' id='word_1_37' title='bbox 1166 804 1197 852; x_wconf 93' lang='lat' dir='ltr'><strong><em>et</em></strong></span> <span class='ocrx_word' id='word_1_38' title='bbox 1212 804 1349 869; x_wconf 91' lang='lat' dir='ltr'><strong><em>coetum,</em></strong></span> <span class='ocrx_word' id='word_1_39' title='bbox 1362 794 1480 872; x_wconf 77' lang='lat' dir='ltr'><strong><em>surore</em></strong></span> <span class='ocrx_word' id='word_1_40' title='bbox 1495 797 1645 855; x_wconf 76' lang='lat' dir='ltr'><strong><em>marimo</em></strong></span> <span class='ocrx_word' id='word_1_41' title='bbox 1662 795 1783 876; x_wconf 78' lang='lat' dir='ltr'><strong><em>inflam-</em></strong></span> 
     </span>
     <span class='ocr_line' id='line_1_5' title="bbox 196 904 1785 991; baseline 0.001 -23"><span class='ocrx_word' id='word_1_42' title='bbox 196 922 317 986; x_wconf 90' lang='lat' dir='ltr'><strong><em>matus,</em></strong></span> <span class='ocrx_word' id='word_1_43' title='bbox 340 909 506 989; x_wconf 80' lang='lat' dir='ltr'><strong><em>percussit</em></strong></span> <span class='ocrx_word' id='word_1_44' title='bbox 529 904 744 990; x_wconf 71' lang='lat' dir='ltr'><strong><em>Evangelium</em></strong></span> <span class='ocrx_word' id='word_1_45' title='bbox 768 905 878 967; x_wconf 89' lang='lat' dir='ltr'><strong><em>dicens</em></strong></span> <span class='ocrx_word' id='word_1_46' title='bbox 899 908 960 966; x_wconf 90' lang='lat' dir='ltr'><strong><em>ei:</em></strong></span> <span class='ocrx_word' id='word_1_47' title='bbox 987 932 1000 960; x_wconf 72' lang='grc' dir='ltr'><strong><em>ιι</em></strong></span> <span class='ocrx_word' id='word_1_48' title='bbox 1027 905 1185 987; x_wconf 88' lang='lat' dir='ltr'><strong><em>Loquere,</em></strong></span> <span class='ocrx_word' id='word_1_49' title='bbox 1213 907 1346 988; x_wconf 91' lang='lat' dir='ltr'><strong><em>loquere</em></strong></span> <span class='ocrx_word' id='word_1_50' title='bbox 1373 906 1591 991; x_wconf 82' lang='lat' dir='ltr'><strong><em>Evangelium</em></strong></span> <span class='ocrx_word' id='word_1_51' title='bbox 1615 935 1630 965; x_wconf 83' lang='lat'><strong>»</strong></span> <span class='ocrx_word' id='word_1_52' title='bbox 1653 910 1785 991; x_wconf 81' lang='lat' dir='ltr'><em>perinde</em></span> 
     </span>
     <span class='ocr_line' id='line_1_6' title="bbox 200 1020 1785 1103; baseline 0.002 -21"><span class='ocrx_word' id='word_1_53' title='bbox 200 1027 288 1083; x_wconf 90' lang='lat' dir='ltr'><strong><em>acsi</em></strong></span> <span class='ocrx_word' id='word_1_54' title='bbox 303 1022 421 1101; x_wconf 78' lang='lat' dir='ltr'><strong><em>[dicere</em></strong></span> <span class='ocrx_word' id='word_1_55' title='bbox 438 1021 621 1100; x_wconf 80' lang='lat' dir='ltr'><strong><em>voluisset]²</em></strong></span> <span class='ocrx_word' id='word_1_56' title='bbox 639 1041 646 1082; x_wconf 91' lang='lat'>:</span> <span class='ocrx_word' id='word_1_57' title='bbox 663 1041 768 1102; x_wconf 91' lang='lat' dir='ltr'><strong><em>quare</em></strong></span> <span class='ocrx_word' id='word_1_58' title='bbox 783 1032 818 1081; x_wconf 92' lang='lat' dir='ltr'><strong><em>ut</em></strong></span> <span class='ocrx_word' id='word_1_59' title='bbox 831 1020 932 1081; x_wconf 79' lang='lat' dir='ltr'><strong><em>iudea</em></strong></span> <span class='ocrx_word' id='word_1_60' title='bbox 942 1023 1080 1103; x_wconf 89' lang='lat' dir='ltr'><strong><em>poneris</em></strong></span> <span class='ocrx_word' id='word_1_61' title='bbox 1096 1025 1131 1083; x_wconf 93' lang='lat' dir='ltr'><strong><em>in</em></strong></span> <span class='ocrx_word' id='word_1_62' title='bbox 1143 1021 1249 1083; x_wconf 91' lang='lat' dir='ltr'><strong><em>medio</em></strong></span> <span class='ocrx_word' id='word_1_63' title='bbox 1265 1033 1297 1083; x_wconf 91' lang='lat' dir='ltr'><strong><em>et</em></strong></span> <span class='ocrx_word' id='word_1_64' title='bbox 1312 1021 1423 1083; x_wconf 79' lang='lat' dir='ltr'><strong><em>ridens</em></strong></span> <span class='ocrx_word' id='word_1_65' title='bbox 1436 1025 1606 1084; x_wconf 78' lang='lat' dir='ltr'><strong><em>acritatem</em></strong></span> <span class='ocrx_word' id='word_1_66' title='bbox 1620 1028 1785 1086; x_wconf 84' lang='lat' dir='ltr'><strong><em>secessisse</em></strong></span> 
     </span>
     <span class='ocr_line' id='line_1_7' title="bbox 199 1137 1788 1221; baseline 0 -23"><span class='ocrx_word' id='word_1_67' title='bbox 199 1139 241 1198; x_wconf 91' lang='lat' dir='ltr'><strong><em>ob</em></strong></span> <span class='ocrx_word' id='word_1_68' title='bbox 267 1140 426 1221; x_wconf 90' lang='lat' dir='ltr'><strong><em>episcopis</em></strong></span> <span class='ocrx_word' id='word_1_69' title='bbox 447 1139 544 1197; x_wconf 90' lang='lat' dir='ltr'><strong><em>rectis</em></strong></span> <span class='ocrx_word' id='word_1_70' title='bbox 568 1139 719 1197; x_wconf 89' lang='lat' dir='ltr'><strong><em>simulet</em></strong></span> <span class='ocrx_word' id='word_1_71' title='bbox 738 1138 906 1217; x_wconf 74' lang='lat' dir='ltr'><strong><em>perversis</em></strong></span> <span class='ocrx_word' id='word_1_72' title='bbox 934 1147 967 1196; x_wconf 91' lang='lat' dir='ltr'><strong><em>tu</em></strong></span> <span class='ocrx_word' id='word_1_73' title='bbox 994 1148 1082 1198; x_wconf 91' lang='lat' dir='ltr'><strong><em>taces</em></strong></span> <span class='ocrx_word' id='word_1_74' title='bbox 1107 1137 1231 1219; x_wconf 82' lang='lat' dir='ltr'><strong><em>absque</em></strong></span> <span class='ocrx_word' id='word_1_75' title='bbox 1254 1139 1341 1198; x_wconf 92' lang='lat' dir='ltr'><strong><em>iusta</em></strong></span> <span class='ocrx_word' id='word_1_76' title='bbox 1369 1137 1502 1200; x_wconf 88' lang='lat' dir='ltr'><strong><em>ultione.</em></strong></span> <span class='ocrx_word' id='word_1_77' title='bbox 1528 1137 1573 1199; x_wconf 86' lang='lat' dir='ltr'><strong><em>Et</em></strong></span> <span class='ocrx_word' id='word_1_78' title='bbox 1598 1143 1680 1220; x_wconf 92' lang='lat' dir='ltr'><strong><em>quia</em></strong></span> <span class='ocrx_word' id='word_1_79' title='bbox 1704 1140 1788 1200; x_wconf 85' lang='lat' dir='ltr'><strong><em>baud</em></strong></span> 
     </span>
     <span class='ocr_line' id='line_1_8' title="bbox 201 1250 1784 1337; baseline 0.001 -24"><span class='ocrx_word' id='word_1_80' title='bbox 201 1274 274 1313; x_wconf 90' lang='lat' dir='ltr'><strong><em>cum</em></strong></span> <span class='ocrx_word' id='word_1_81' title='bbox 300 1256 414 1314; x_wconf 89' lang='lat' dir='ltr'><strong><em>timore</em></strong></span> <span class='ocrx_word' id='word_1_82' title='bbox 435 1264 466 1312; x_wconf 91' lang='lat' dir='ltr'><strong><em>et</em></strong></span> <span class='ocrx_word' id='word_1_83' title='bbox 488 1254 572 1313; x_wconf 91' lang='lat' dir='ltr'><strong><em>iusto</em></strong></span> <span class='ocrx_word' id='word_1_84' title='bbox 596 1250 710 1312; x_wconf 81' lang='lat' dir='ltr'><strong><em>modo³</em></strong></span> <span class='ocrx_word' id='word_1_85' title='bbox 734 1253 1012 1333; x_wconf 77' lang='lat' dir='ltr'><em>appropinquavit</em></span> <span class='ocrx_word' id='word_1_86' title='bbox 1034 1250 1081 1312; x_wconf 91' lang='lat' dir='ltr'><strong><em>ad</em></strong></span> <span class='ocrx_word' id='word_1_87' title='bbox 1101 1252 1334 1335; x_wconf 79' lang='lat' dir='ltr'><strong><em>Euangelium,</em></strong></span> <span class='ocrx_word' id='word_1_88' title='bbox 1356 1273 1417 1314; x_wconf 91' lang='lat' dir='ltr'><strong><em>nec</em></strong></span> <span class='ocrx_word' id='word_1_89' title='bbox 1440 1254 1525 1315; x_wconf 77' lang='lat' dir='ltr'><strong><em>velut</em></strong></span> <span class='ocrx_word' id='word_1_90' title='bbox 1546 1257 1607 1336; x_wconf 88' lang='lat' dir='ltr'><strong><em>qui</em></strong></span> <span class='ocrx_word' id='word_1_91' title='bbox 1628 1257 1784 1337; x_wconf 78' lang='lat' dir='ltr'><strong><em>refugiam</em></strong></span> 
     </span>
     <span class='ocr_line' id='line_1_9' title="bbox 198 1366 1786 1452; baseline 0.001 -24"><span class='ocrx_word' id='word_1_92' title='bbox 198 1371 338 1451; x_wconf 90' lang='lat' dir='ltr'><strong><em>quaerit,</em></strong></span> <span class='ocrx_word' id='word_1_93' title='bbox 355 1388 489 1429; x_wconf 90' lang='lat' dir='ltr'><strong><em>manum</em></strong></span> <span class='ocrx_word' id='word_1_94' title='bbox 509 1369 541 1428; x_wconf 91' lang='lat' dir='ltr'><strong><em>ei</em></strong></span> <span class='ocrx_word' id='word_1_95' title='bbox 555 1370 719 1447; x_wconf 81' lang='lat' dir='ltr'><em>imposuit,</em></span> <span class='ocrx_word' id='word_1_96' title='bbox 735 1368 823 1428; x_wconf 90' lang='lat' dir='ltr'><strong><em>illico</em></strong></span> <span class='ocrx_word' id='word_1_97' title='bbox 838 1369 960 1449; x_wconf 90' lang='lat' dir='ltr'><strong><em>recepit</em></strong></span> <span class='ocrx_word' id='word_1_98' title='bbox 978 1368 1076 1427; x_wconf 89' lang='lat' dir='ltr'><strong><em>ictum</em></strong></span> <span class='ocrx_word' id='word_1_99' title='bbox 1090 1366 1206 1429; x_wconf 89' lang='lat' dir='ltr'><strong><em>iudicii</em></strong></span> <span class='ocrx_word' id='word_1_100' title='bbox 1223 1370 1257 1427; x_wconf 93' lang='lat' dir='ltr'><strong><em>in</em></strong></span> <span class='ocrx_word' id='word_1_101' title='bbox 1273 1389 1411 1450; x_wconf 90' lang='lat' dir='ltr'><strong><em>corpore</em></strong></span> <span class='ocrx_word' id='word_1_102' title='bbox 1433 1389 1493 1428; x_wconf 91' lang='lat' dir='ltr'><strong><em>suo</em></strong></span> <span class='ocrx_word' id='word_1_103' title='bbox 1507 1367 1587 1430; x_wconf 74' lang='lat' dir='ltr'><strong><em>Mar</em></strong></span> <span class='ocrx_word' id='word_1_104' title='bbox 1599 1369 1713 1452; x_wconf 83' lang='lat' dir='ltr'><strong><em>Pa‘pa,</em></strong></span> <span class='ocrx_word' id='word_1_105' title='bbox 1729 1392 1786 1452; x_wconf 91' lang='lat' dir='ltr'><strong><em>quo</em></strong></span> 
     </span>
     <span class='ocr_line' id='line_1_10' title="bbox 201 1481 1786 1567; baseline -0.001 -23"><span class='ocrx_word' id='word_1_106' title='bbox 201 1487 307 1566; x_wconf 77' lang='lat' dir='ltr'><strong><em>magis</em></strong></span> <span class='ocrx_word' id='word_1_107' title='bbox 327 1481 435 1543; x_wconf 87' lang='lat' dir='ltr'><strong><em>adbuc</em></strong></span> <span class='ocrx_word' id='word_1_108' title='bbox 447 1482 532 1564; x_wconf 80' lang='lat' dir='ltr'><strong><em>fides</em></strong></span> <span class='ocrx_word' id='word_1_109' title='bbox 545 1482 786 1564; x_wconf 80' lang='lat' dir='ltr'><strong><em>praestabatur</em></strong></span> <span class='ocrx_word' id='word_1_110' title='bbox 805 1484 964 1564; x_wconf 90' lang='lat' dir='ltr'><strong><em>episcopis</em></strong></span> <span class='ocrx_word' id='word_1_111' title='bbox 978 1482 1091 1564; x_wconf 90' lang='lat' dir='ltr'><strong><em>quood</em></strong></span> <span class='ocrx_word' id='word_1_112' title='bbox 1106 1486 1217 1545; x_wconf 91' lang='lat' dir='ltr'><strong><em>omnia</em></strong></span> <span class='ocrx_word' id='word_1_113' title='bbox 1237 1487 1349 1565; x_wconf 91' lang='lat' dir='ltr'><strong><em>capita</em></strong></span> <span class='ocrx_word' id='word_1_114' title='bbox 1363 1497 1393 1544; x_wconf 92' lang='lat' dir='ltr'><strong><em>et</em></strong></span> <span class='ocrx_word' id='word_1_115' title='bbox 1412 1487 1642 1546; x_wconf 83' lang='lat' dir='ltr'><strong><em>accusationes</em></strong></span> <span class='ocrx_word' id='word_1_116' title='bbox 1662 1488 1786 1567; x_wconf 84' lang='lat' dir='ltr'><strong><em>iniquas</em></strong></span> 
     </span>
     <span class='ocr_line' id='line_1_11' title="bbox 195 1595 1788 1682; baseline -0.003 -20"><span class='ocrx_word' id='word_1_117' title='bbox 195 1613 229 1662; x_wconf 90' lang='lat' dir='ltr'><strong><em>et</em></strong></span> <span class='ocrx_word' id='word_1_118' title='bbox 247 1601 387 1660; x_wconf 88' lang='lat' dir='ltr'><strong><em>iniustas</em></strong></span> <span class='ocrx_word' id='word_1_119' title='bbox 406 1610 438 1659; x_wconf 91' lang='lat' dir='ltr'><strong><em>et</em></strong></span> <span class='ocrx_word' id='word_1_120' title='bbox 455 1597 664 1676; x_wconf 66' lang='lat' dir='ltr'><strong><em>tutunosast,</em></strong></span> <span class='ocrx_word' id='word_1_121' title='bbox 681 1617 765 1678; x_wconf 91' lang='lat' dir='ltr'><strong><em>quas</em></strong></span> <span class='ocrx_word' id='word_1_122' title='bbox 780 1596 820 1658; x_wconf 89' lang='lat' dir='ltr'><strong><em>dc</em></strong></span> <span class='ocrx_word' id='word_1_123' title='bbox 839 1595 918 1658; x_wconf 80' lang='lat' dir='ltr'><strong><em>Ma⁴r</em></strong></span> <span class='ocrx_word' id='word_1_124' title='bbox 935 1596 1034 1678; x_wconf 79' lang='lat' dir='ltr'><strong><em>Pa‘pa</em></strong></span> <span class='ocrx_word' id='word_1_125' title='bbox 1053 1599 1230 1659; x_wconf 81' lang='lat' dir='ltr'><strong><em>insolentes</em></strong></span> <span class='ocrx_word' id='word_1_126' title='bbox 1247 1602 1394 1681; x_wconf 81' lang='lat' dir='ltr'><strong><em>episcopi</em></strong></span> <span class='ocrx_word' id='word_1_127' title='bbox 1412 1602 1690 1682; x_wconf 88' lang='lat' dir='ltr'><strong><em>conscripserunt,</em></strong></span> <span class='ocrx_word' id='word_1_128' title='bbox 1709 1601 1788 1662; x_wconf 78' lang='lat' dir='ltr'><strong><em>relat</em></strong></span> 
     </span>
    </p>
   </div>
   <div class='ocr_carea' id='block_1_3' title="bbox 202 1712 1787 1795">
    <p class='ocr_par' dir='ltr' id='par_1_3' title="bbox 202 1712 1787 1795">
     <span class='ocr_line' id='line_1_12' title="bbox 202 1712 1787 1795; baseline 0 -20"><span class='ocrx_word' id='word_1_129' title='bbox 202 1714 243 1776; x_wconf 89' lang='lat' dir='ltr'><strong><em>de</em></strong></span> <span class='ocrx_word' id='word_1_130' title='bbox 256 1715 470 1794; x_wconf 79' lang='lat' dir='ltr'><strong><em>malefactore</em></strong></span> <span class='ocrx_word' id='word_1_131' title='bbox 484 1712 740 1774; x_wconf 86' lang='lat' dir='ltr'><strong><em>bistoriunculas</em></strong></span> <span class='ocrx_word' id='word_1_132' title='bbox 764 1724 991 1794; x_wconf 81' lang='lat' dir='ltr'><strong><em>componentes</em></strong></span> <span class='ocrx_word' id='word_1_133' title='bbox 1007 1725 1038 1772; x_wconf 90' lang='lat' dir='ltr'><strong><em>ct</em></strong></span> <span class='ocrx_word' id='word_1_134' title='bbox 1056 1715 1090 1773; x_wconf 87' lang='lat' dir='ltr'><strong><em>in</em></strong></span> <span class='ocrx_word' id='word_1_135' title='bbox 1104 1714 1215 1775; x_wconf 85' lang='lat' dir='ltr'><strong><em>multis</em></strong></span> <span class='ocrx_word' id='word_1_136' title='bbox 1230 1714 1475 1795; x_wconf 77' lang='lat' dir='ltr'><strong><em>exemplaribus</em></strong></span> <span class='ocrx_word' id='word_1_137' title='bbox 1496 1717 1529 1775; x_wconf 93' lang='lat' dir='ltr'><strong><em>in</em></strong></span> <span class='ocrx_word' id='word_1_138' title='bbox 1549 1713 1690 1777; x_wconf 84' lang='lat' dir='ltr'><strong><em>di&#39;oersis</em></strong></span> <span class='ocrx_word' id='word_1_139' title='bbox 1710 1717 1787 1778; x_wconf 88' lang='lat' dir='ltr'><strong><em>locis</em></strong></span> 
     </span>
    </p>
   </div>
   <div class='ocr_carea' id='block_1_4' title="bbox 189 1829 1793 4332">
    <p class='ocr_par' dir='ltr' id='par_1_4' title="bbox 193 1829 579 1912">
     <span class='ocr_line' id='line_1_13' title="bbox 193 1829 579 1912; baseline -0.005 -22"><span class='ocrx_word' id='word_1_140' title='bbox 193 1829 360 1912; x_wconf 79' lang='lat' dir='ltr'><strong><em>divulgari</em></strong></span> <span class='ocrx_word' id='word_1_141' title='bbox 371 1842 579 1890; x_wconf 70' lang='lat' dir='ltr'><strong><em>curaverunt.</em></strong></span> 
     </span>
    </p>

    <p class='ocr_par' dir='ltr' id='par_1_5' title="bbox 189 1915 1793 4332">
     <span class='ocr_line' id='line_1_14' title="bbox 255 1915 1785 2027; baseline 0.001 -22"><span class='ocrx_word' id='word_1_142' title='bbox 255 1944 300 2006; x_wconf 82' lang='lat' dir='ltr'><strong><em>Et</em></strong></span> <span class='ocrx_word' id='word_1_143' title='bbox 319 1954 436 2025; x_wconf 91' lang='lat' dir='ltr'><strong><em>postea</em></strong></span> <span class='ocrx_word' id='word_1_144' title='bbox 452 1963 524 2003; x_wconf 90' lang='lat' dir='ltr'><strong><em>cum</em></strong></span> <span class='ocrx_word' id='word_1_145' title='bbox 546 1942 606 2004; x_wconf 86' lang='lat' dir='ltr'><strong><em>bac</em></strong></span> <span class='ocrx_word' id='word_1_146' title='bbox 623 1966 644 2003; x_wconf 90' lang='lat' dir='ltr'><strong><em>a</em></strong></span> <span class='ocrx_word' id='word_1_147' title='bbox 660 1943 816 2024; x_wconf 91' lang='lat' dir='ltr'><strong><em>patribus</em></strong></span> <span class='ocrx_word' id='word_1_148' title='bbox 837 1942 1093 2004; x_wconf 90' lang='lat' dir='ltr'><strong><em>occidentalibus</em></strong></span> <span class='ocrx_word' id='word_1_149' title='bbox 1113 1943 1263 2005; x_wconf 91' lang='lat' dir='ltr'><strong><em>auditum</em></strong></span> <span class='ocrx_word' id='word_1_150' title='bbox 1285 1958 1370 2007; x_wconf 83' lang='lat' dir='ltr'><strong><em>esset</em></strong></span> <span class='ocrx_word' id='word_1_151' title='bbox 1390 1959 1421 2007; x_wconf 89' lang='lat' dir='ltr'><strong><em>et</em></strong></span> <span class='ocrx_word' id='word_1_152' title='bbox 1441 1915 1654 2027; x_wconf 78' lang='lat' dir='ltr'><strong><em>inquisitione</em></strong></span> <span class='ocrx_word' id='word_1_153' title='bbox 1675 1960 1785 2008; x_wconf 72' lang='lat' dir='ltr'><strong><em>exacto</em></strong></span> 
     </span>
     <span class='ocr_line' id='line_1_15' title="bbox 194 2058 1786 2144; baseline 0.001 -25"><span class='ocrx_word' id='word_1_154' title='bbox 194 2058 426 2142; x_wconf 65' lang='lat' dir='ltr'><strong><em>fiacrdiclentia</em></strong></span> <span class='ocrx_word' id='word_1_155' title='bbox 449 2058 657 2119; x_wconf 90' lang='lat' dir='ltr'><strong><em>insolentium</em></strong></span> <span class='ocrx_word' id='word_1_156' title='bbox 682 2058 827 2142; x_wconf 77' lang='lat' dir='ltr'><strong><em>reoelata</em></strong></span> <span class='ocrx_word' id='word_1_157' title='bbox 849 2071 879 2119; x_wconf 91' lang='lat' dir='ltr'><strong><em>et</em></strong></span> <span class='ocrx_word' id='word_1_158' title='bbox 900 2061 1046 2140; x_wconf 86' lang='lat' dir='ltr'><strong><em>nequitia</em></strong></span> <span class='ocrx_word' id='word_1_159' title='bbox 1070 2079 1182 2120; x_wconf 90' lang='lat' dir='ltr'><strong><em>eorum</em></strong></span> <span class='ocrx_word' id='word_1_160' title='bbox 1205 2059 1330 2121; x_wconf 90' lang='lat' dir='ltr'><strong><em>detecta</em></strong></span> <span class='ocrx_word' id='word_1_161' title='bbox 1352 2073 1436 2121; x_wconf 88' lang='lat' dir='ltr'><strong><em>esset</em></strong></span> <span class='ocrx_word' id='word_1_162' title='bbox 1459 2074 1489 2121; x_wconf 92' lang='lat' dir='ltr'><strong><em>et</em></strong></span> <span class='ocrx_word' id='word_1_163' title='bbox 1510 2082 1624 2123; x_wconf 89' lang='lat' dir='ltr'><strong><em>amnes</em></strong></span> <span class='ocrx_word' id='word_1_164' title='bbox 1650 2064 1786 2144; x_wconf 91' lang='lat' dir='ltr'><strong><em>episcopi</em></strong></span> 
     </span>
     <span class='ocr_line' id='line_1_16' title="bbox 199 2172 1782 2260; baseline 0.002 -25"><span class='ocrx_word' id='word_1_165' title='bbox 199 2175 375 2236; x_wconf 86' lang='lat' dir='ltr'><strong><em>insolentes</em></strong></span> <span class='ocrx_word' id='word_1_166' title='bbox 395 2175 509 2235; x_wconf 89' lang='lat' dir='ltr'><strong><em>reiecti</em></strong></span> <span class='ocrx_word' id='word_1_167' title='bbox 530 2186 561 2235; x_wconf 93' lang='lat' dir='ltr'><strong><em>et</em></strong></span> <span class='ocrx_word' id='word_1_168' title='bbox 580 2172 721 2255; x_wconf 87' lang='lat' dir='ltr'><strong><em>depositi</em></strong></span> <span class='ocrx_word' id='word_1_169' title='bbox 739 2186 854 2250; x_wconf 88' lang='lat' dir='ltr'><strong><em>essent,</em></strong></span> <span class='ocrx_word' id='word_1_170' title='bbox 873 2193 1011 2255; x_wconf 89' lang='lat' dir='ltr'><strong><em>quorum</em></strong></span> <span class='ocrx_word' id='word_1_171' title='bbox 1034 2173 1168 2255; x_wconf 88' lang='lat' dir='ltr'><strong><em>quidam</em></strong></span> <span class='ocrx_word' id='word_1_172' title='bbox 1191 2188 1412 2251; x_wconf 85' lang='lat' dir='ltr'><strong><em>accusatores,</em></strong></span> <span class='ocrx_word' id='word_1_173' title='bbox 1430 2175 1565 2257; x_wconf 90' lang='lat' dir='ltr'><strong><em>quidam</em></strong></span> <span class='ocrx_word' id='word_1_174' title='bbox 1591 2188 1689 2238; x_wconf 90' lang='lat' dir='ltr'><strong><em>testes</em></strong></span> <span class='ocrx_word' id='word_1_175' title='bbox 1712 2200 1782 2260; x_wconf 83' lang='lat' dir='ltr'><strong><em>agc-</em></strong></span> 
     </span>
     <span class='ocr_line' id='line_1_17' title="bbox 198 2287 1781 2375; baseline 0 -24"><span class='ocrx_word' id='word_1_176' title='bbox 198 2291 299 2351; x_wconf 89' lang='lat' dir='ltr'><strong><em>bant:</em></strong></span> <span class='ocrx_word' id='word_1_177' title='bbox 315 2292 483 2372; x_wconf 90' lang='lat' dir='ltr'><strong><em>episcopos</em></strong></span> <span class='ocrx_word' id='word_1_178' title='bbox 490 2299 703 2370; x_wconf 82' lang='lat' dir='ltr'><strong><em>praestantes</em></strong></span> <span class='ocrx_word' id='word_1_179' title='bbox 713 2291 772 2370; x_wconf 91' lang='lat' dir='ltr'><strong><em>qui</em></strong></span> <span class='ocrx_word' id='word_1_180' title='bbox 783 2293 816 2350; x_wconf 93' lang='lat' dir='ltr'><strong><em>in</em></strong></span> <span class='ocrx_word' id='word_1_181' title='bbox 830 2288 886 2349; x_wconf 89' lang='lat' dir='ltr'><strong><em>illo</em></strong></span> <span class='ocrx_word' id='word_1_182' title='bbox 902 2301 994 2350; x_wconf 92' lang='lat' dir='ltr'><strong><em>coetu</em></strong></span> <span class='ocrx_word' id='word_1_183' title='bbox 1007 2303 1122 2351; x_wconf 90' lang='lat' dir='ltr'><strong><em>contra</em></strong></span> <span class='ocrx_word' id='word_1_184' title='bbox 1132 2287 1212 2350; x_wconf 81' lang='lat' dir='ltr'><strong><em>Meir</em></strong></span> <span class='ocrx_word' id='word_1_185' title='bbox 1225 2289 1322 2371; x_wconf 82' lang='lat' dir='ltr'><strong><em>Po‘pa</em></strong></span> <span class='ocrx_word' id='word_1_186' title='bbox 1336 2290 1448 2351; x_wconf 87' lang='lat' dir='ltr'><strong><em>babito</em></strong></span> <span class='ocrx_word' id='word_1_187' title='bbox 1463 2289 1616 2370; x_wconf 91' lang='lat' dir='ltr'><strong><em>aderant,</em></strong></span> <span class='ocrx_word' id='word_1_188' title='bbox 1634 2295 1781 2375; x_wconf 90' lang='lat' dir='ltr'><strong><em>quoniam</em></strong></span> 
     </span>
     <span class='ocr_line' id='line_1_18' title="bbox 195 2403 1781 2487; baseline 0 -21"><span class='ocrx_word' id='word_1_189' title='bbox 195 2407 257 2466; x_wconf 89' lang='lat' dir='ltr'><strong><em>alii</em></strong></span> <span class='ocrx_word' id='word_1_190' title='bbox 268 2426 380 2466; x_wconf 90' lang='lat' dir='ltr'><strong><em>eorum</em></strong></span> <span class='ocrx_word' id='word_1_191' title='bbox 396 2408 557 2484; x_wconf 81' lang='lat' dir='ltr'><strong><em>martyrio</em></strong></span> <span class='ocrx_word' id='word_1_192' title='bbox 574 2404 656 2464; x_wconf 92' lang='lat' dir='ltr'><strong><em>bono</em></strong></span> <span class='ocrx_word' id='word_1_193' title='bbox 669 2404 783 2465; x_wconf 76' lang='lat' dir='ltr'><strong><em>eabae</em></strong></span> <span class='ocrx_word' id='word_1_194' title='bbox 799 2403 920 2465; x_wconf 90' lang='lat' dir='ltr'><strong><em>mundo</em></strong></span> <span class='ocrx_word' id='word_1_195' title='bbox 936 2404 1097 2482; x_wconf 87' lang='lat' dir='ltr'><strong><em>abierunt,</em></strong></span> <span class='ocrx_word' id='word_1_196' title='bbox 1115 2405 1178 2467; x_wconf 91' lang='lat' dir='ltr'><strong><em>alii</em></strong></span> <span class='ocrx_word' id='word_1_197' title='bbox 1190 2426 1262 2465; x_wconf 87' lang='lat' dir='ltr'><strong><em>cum</em></strong></span> <span class='ocrx_word' id='word_1_198' title='bbox 1273 2408 1368 2486; x_wconf 80' lang='lat' dir='ltr'><strong><em>santa</em></strong></span> <span class='ocrx_word' id='word_1_199' title='bbox 1385 2406 1470 2466; x_wconf 91' lang='lat' dir='ltr'><strong><em>bona</em></strong></span> <span class='ocrx_word' id='word_1_200' title='bbox 1486 2409 1552 2466; x_wconf 79' lang='lat' dir='ltr'><strong><em>vita</em></strong></span> <span class='ocrx_word' id='word_1_201' title='bbox 1565 2409 1781 2487; x_wconf 79' lang='lat' dir='ltr'><strong><em>sanctisunt:</em></strong></span> 
     </span>
     <span class='ocr_line' id='line_1_19' title="bbox 195 2519 1781 2603; baseline 0 -21"><span class='ocrx_word' id='word_1_202' title='bbox 195 2524 292 2582; x_wconf 89' lang='lat' dir='ltr'><strong><em>etiam</em></strong></span> <span class='ocrx_word' id='word_1_203' title='bbox 313 2523 450 2582; x_wconf 75' lang='lat' dir='ltr'><strong><em>uiuentes</em></strong></span> <span class='ocrx_word' id='word_1_204' title='bbox 465 2520 681 2602; x_wconf 89' lang='lat' dir='ltr'><strong><em>reliquerunt,</em></strong></span> <span class='ocrx_word' id='word_1_205' title='bbox 698 2540 763 2580; x_wconf 92' lang='lat' dir='ltr'><strong><em>non</em></strong></span> <span class='ocrx_word' id='word_1_206' title='bbox 778 2519 907 2601; x_wconf 89' lang='lat' dir='ltr'><strong><em>quidem</em></strong></span> <span class='ocrx_word' id='word_1_207' title='bbox 927 2519 965 2580; x_wconf 91' lang='lat' dir='ltr'><strong><em>ob</em></strong></span> <span class='ocrx_word' id='word_1_208' title='bbox 981 2541 1092 2580; x_wconf 88' lang='lat' dir='ltr'><strong><em>corum</em></strong></span> <span class='ocrx_word' id='word_1_209' title='bbox 1106 2521 1229 2602; x_wconf 80' lang='lat' dir='ltr'><strong><em>agendi</em></strong></span> <span class='ocrx_word' id='word_1_210' title='bbox 1242 2523 1402 2581; x_wconf 90' lang='lat' dir='ltr'><strong><em>rationem</em></strong></span> <span class='ocrx_word' id='word_1_211' title='bbox 1418 2520 1675 2603; x_wconf 89' lang='lat' dir='ltr'><strong><em>:sedquoniam</em></strong></span> <span class='ocrx_word' id='word_1_212' title='bbox 1691 2526 1781 2584; x_wconf 89' lang='lat' dir='ltr'><strong><em>resci-</em></strong></span> 
     </span>
     <span class='ocr_line' id='line_1_20' title="bbox 194 2634 1781 2722; baseline 0 -24"><span class='ocrx_word' id='word_1_213' title='bbox 194 2649 262 2698; x_wconf 91' lang='lat' dir='ltr'><strong><em>tum</em></strong></span> <span class='ocrx_word' id='word_1_214' title='bbox 277 2649 325 2698; x_wconf 82' lang='lat' dir='ltr'><strong><em>ect</em></strong></span> <span class='ocrx_word' id='word_1_215' title='bbox 339 2636 468 2697; x_wconf 91' lang='lat' dir='ltr'><strong><em>eosdem</em></strong></span> <span class='ocrx_word' id='word_1_216' title='bbox 484 2635 579 2698; x_wconf 80' lang='lat' dir='ltr'><strong><em>valde</em></strong></span> <span class='ocrx_word' id='word_1_217' title='bbox 593 2634 693 2696; x_wconf 91' lang='lat' dir='ltr'><strong><em>rudes</em></strong></span> <span class='ocrx_word' id='word_1_218' title='bbox 707 2635 935 2718; x_wconf 85' lang='lat' dir='ltr'><strong><em>simplicesque</em></strong></span> <span class='ocrx_word' id='word_1_219' title='bbox 943 2638 1067 2716; x_wconf 81' lang='lat' dir='ltr'><strong><em>suisse,·</em></strong></span> <span class='ocrx_word' id='word_1_220' title='bbox 1081 2656 1180 2717; x_wconf 87' lang='lat' dir='ltr'><strong><em>quarn</em></strong></span> <span class='ocrx_word' id='word_1_221' title='bbox 1196 2636 1235 2696; x_wconf 91' lang='lat' dir='ltr'><strong><em>ab</em></strong></span> <span class='ocrx_word' id='word_1_222' title='bbox 1251 2656 1387 2697; x_wconf 92' lang='lat' dir='ltr'><strong><em>causam</em></strong></span> <span class='ocrx_word' id='word_1_223' title='bbox 1395 2639 1549 2718; x_wconf 70' lang='lat' dir='ltr'><strong><em>perversi</em></strong></span> <span class='ocrx_word' id='word_1_224' title='bbox 1561 2658 1597 2697; x_wconf 92' lang='lat' dir='ltr'><strong><em>eo</em></strong></span> <span class='ocrx_word' id='word_1_225' title='bbox 1613 2641 1721 2722; x_wconf 81' lang='lat' dir='ltr'><strong><em>magis</em></strong></span> <span class='ocrx_word' id='word_1_226' title='bbox 1728 2660 1781 2720; x_wconf 92' lang='lat' dir='ltr'><strong><em>po-</em></strong></span> 
     </span>
     <span class='ocr_line' id='line_1_21' title="bbox 197 2749 1782 2833; baseline -0.001 -20"><span class='ocrx_word' id='word_1_227' title='bbox 197 2764 289 2813; x_wconf 89' lang='lat' dir='ltr'><strong><em>tuere</em></strong></span> <span class='ocrx_word' id='word_1_228' title='bbox 308 2771 362 2813; x_wconf 93' lang='lat' dir='ltr'><strong><em>eos</em></strong></span> <span class='ocrx_word' id='word_1_229' title='bbox 376 2754 410 2811; x_wconf 86' lang='lat' dir='ltr'><strong><em>in</em></strong></span> <span class='ocrx_word' id='word_1_230' title='bbox 425 2770 570 2812; x_wconf 88' lang='lat' dir='ltr'><strong><em>errorem</em></strong></span> <span class='ocrx_word' id='word_1_231' title='bbox 588 2749 753 2827; x_wconf 85' lang='lat' dir='ltr'><strong><em>inducere,</em></strong></span> <span class='ocrx_word' id='word_1_232' title='bbox 772 2753 852 2811; x_wconf 90' lang='lat' dir='ltr'><strong><em>utin</em></strong></span> <span class='ocrx_word' id='word_1_233' title='bbox 867 2753 997 2811; x_wconf 89' lang='lat' dir='ltr'><strong><em>nomine</em></strong></span> <span class='ocrx_word' id='word_1_234' title='bbox 1010 2753 1243 2833; x_wconf 89' lang='lat' dir='ltr'><strong><em>praestantiae</em></strong></span> <span class='ocrx_word' id='word_1_235' title='bbox 1255 2773 1380 2829; x_wconf 89' lang='lat' dir='ltr'><strong><em>eorum,</em></strong></span> <span class='ocrx_word' id='word_1_236' title='bbox 1395 2751 1571 2813; x_wconf 85' lang='lat' dir='ltr'><strong><em>insolentes</em></strong></span> <span class='ocrx_word' id='word_1_237' title='bbox 1590 2752 1782 2815; x_wconf 76' lang='lat' dir='ltr'><strong><em>voluntatem</em></strong></span> 
     </span>
     <span class='ocr_line' id='line_1_22' title="bbox 201 2865 1784 2949; baseline -0.001 -21"><span class='ocrx_word' id='word_1_238' title='bbox 201 2888 296 2928; x_wconf 90' lang='lat' dir='ltr'><strong><em>suam</em></strong></span> <span class='ocrx_word' id='word_1_239' title='bbox 312 2866 508 2928; x_wconf 77' lang='lat' dir='ltr'><strong><em>malevolam</em></strong></span> <span class='ocrx_word' id='word_1_240' title='bbox 531 2879 646 2927; x_wconf 85' lang='lat' dir='ltr'><strong><em>contra</em></strong></span> <span class='ocrx_word' id='word_1_241' title='bbox 667 2865 725 2946; x_wconf 65' lang='lat' dir='ltr'><strong><em>(l)³</em></strong></span> <span class='ocrx_word' id='word_1_242' title='bbox 736 2866 969 2948; x_wconf 79' lang='lat' dir='ltr'><strong><em>patriarcham</em></strong></span> <span class='ocrx_word' id='word_1_243' title='bbox 988 2867 1171 2948; x_wconf 88' lang='lat' dir='ltr'><strong><em>implerent.</em></strong></span> <span class='ocrx_word' id='word_1_244' title='bbox 1188 2866 1232 2928; x_wconf 89' lang='lat' dir='ltr'><strong><em>Et</em></strong></span> <span class='ocrx_word' id='word_1_245' title='bbox 1247 2870 1353 2944; x_wconf 91' lang='lat' dir='ltr'><strong><em>timor,</em></strong></span> <span class='ocrx_word' id='word_1_246' title='bbox 1371 2888 1465 2949; x_wconf 90' lang='lat' dir='ltr'><strong><em>quem</em></strong></span> <span class='ocrx_word' id='word_1_247' title='bbox 1482 2870 1629 2945; x_wconf 89' lang='lat' dir='ltr'><strong><em>timuere,</em></strong></span> <span class='ocrx_word' id='word_1_248' title='bbox 1646 2889 1689 2930; x_wconf 93' lang='lat' dir='ltr'><strong><em>ne</em></strong></span> <span class='ocrx_word' id='word_1_249' title='bbox 1705 2871 1784 2949; x_wconf 77' lang='lat' dir='ltr'><strong><em>fiutc</em></strong></span> 
     </span>
     <span class='ocr_line' id='line_1_23' title="bbox 199 2981 1783 3065; baseline 0 -22"><span class='ocrx_word' id='word_1_250' title='bbox 199 3003 253 3043; x_wconf 93' lang='lat' dir='ltr'><strong><em>eos</em></strong></span> <span class='ocrx_word' id='word_1_251' title='bbox 267 3005 288 3042; x_wconf 88' lang='lat' dir='ltr'><strong><em>a</em></strong></span> <span class='ocrx_word' id='word_1_252' title='bbox 298 2981 460 3065; x_wconf 83' lang='lat' dir='ltr'><strong><em>gradibus</em></strong></span> <span class='ocrx_word' id='word_1_253' title='bbox 473 2983 542 3042; x_wconf 89' lang='lat' dir='ltr'><strong><em>suis</em></strong></span> <span class='ocrx_word' id='word_1_254' title='bbox 556 2981 709 3062; x_wconf 89' lang='lat' dir='ltr'><strong><em>deponat,</em></strong></span> <span class='ocrx_word' id='word_1_255' title='bbox 723 2983 910 3062; x_wconf 73' lang='lat' dir='ltr'><strong><em>supervenit</em></strong></span> <span class='ocrx_word' id='word_1_256' title='bbox 923 2983 969 3042; x_wconf 91' lang='lat' dir='ltr'><strong><em>eis</em></strong></span> <span class='ocrx_word' id='word_1_257' title='bbox 986 3003 1008 3041; x_wconf 93' lang='lat' dir='ltr'><strong><em>a</em></strong></span> <span class='ocrx_word' id='word_1_258' title='bbox 1018 2982 1175 3064; x_wconf 89' lang='lat' dir='ltr'><strong><em>patribus</em></strong></span> <span class='ocrx_word' id='word_1_259' title='bbox 1190 2985 1311 3043; x_wconf 89' lang='lat' dir='ltr'><strong><em>nostris</em></strong></span> <span class='ocrx_word' id='word_1_260' title='bbox 1326 2982 1582 3044; x_wconf 89' lang='lat' dir='ltr'><strong><em>occidentalibus</em></strong></span> <span class='ocrx_word' id='word_1_261' title='bbox 1598 3004 1609 3042; x_wconf 95' lang='lat'><em>:</em></span> <span class='ocrx_word' id='word_1_262' title='bbox 1626 2996 1657 3045; x_wconf 93' lang='lat' dir='ltr'><strong><em>et</em></strong></span> <span class='ocrx_word' id='word_1_263' title='bbox 1669 2987 1783 3059; x_wconf 87' lang='lat' dir='ltr'><strong><em>reiecti,</em></strong></span> 
     </span>
     <span class='ocr_line' id='line_1_24' title="bbox 194 3095 1787 3183; baseline 0 -25"><span class='ocrx_word' id='word_1_264' title='bbox 194 3098 337 3180; x_wconf 89' lang='lat' dir='ltr'><strong><em>depositi</em></strong></span> <span class='ocrx_word' id='word_1_265' title='bbox 350 3099 505 3179; x_wconf 88' lang='lat' dir='ltr'><strong><em>eiectique</em></strong></span> <span class='ocrx_word' id='word_1_266' title='bbox 522 3110 598 3158; x_wconf 91' lang='lat' dir='ltr'><strong><em>sunt</em></strong></span> <span class='ocrx_word' id='word_1_267' title='bbox 616 3096 741 3178; x_wconf 89' lang='lat' dir='ltr'><strong><em>ubsque</em></strong></span> <span class='ocrx_word' id='word_1_268' title='bbox 759 3096 997 3171; x_wconf 90' lang='lat' dir='ltr'><strong><em>misericordia,</em></strong></span> <span class='ocrx_word' id='word_1_269' title='bbox 1014 3110 1045 3158; x_wconf 93' lang='lat' dir='ltr'><strong><em>et</em></strong></span> <span class='ocrx_word' id='word_1_270' title='bbox 1059 3095 1275 3180; x_wconf 87' lang='lat' dir='ltr'><strong><em>quodcunque</em></strong></span> <span class='ocrx_word' id='word_1_271' title='bbox 1290 3111 1406 3159; x_wconf 88' lang='lat' dir='ltr'><strong><em>contra</em></strong></span> <span class='ocrx_word' id='word_1_272' title='bbox 1423 3097 1502 3160; x_wconf 79' lang='lat' dir='ltr'><strong><em>Ma‘r</em></strong></span> <span class='ocrx_word' id='word_1_273' title='bbox 1515 3098 1647 3179; x_wconf 84' lang='lat' dir='ltr'><strong><em>Pa‘pam</em></strong></span> <span class='ocrx_word' id='word_1_274' title='bbox 1662 3113 1787 3183; x_wconf 86' lang='lat' dir='ltr'><strong><em>gestum</em></strong></span> 
     </span>
     <span class='ocr_line' id='line_1_25' title="bbox 198 3212 1787 3296; baseline -0.001 -22"><span class='ocrx_word' id='word_1_275' title='bbox 198 3226 245 3274; x_wconf 89' lang='lat' dir='ltr'><strong><em>est</em></strong></span> <span class='ocrx_word' id='word_1_276' title='bbox 260 3212 464 3274; x_wconf 87' lang='lat' dir='ltr'><strong><em>resciderunt</em></strong></span> <span class='ocrx_word' id='word_1_277' title='bbox 478 3225 510 3272; x_wconf 92' lang='lat' dir='ltr'><strong><em>ct</em></strong></span> <span class='ocrx_word' id='word_1_278' title='bbox 524 3213 766 3295; x_wconf 73' lang='lat' dir='ltr'><strong><em>abrogaverunt</em></strong></span> <span class='ocrx_word' id='word_1_279' title='bbox 779 3212 910 3273; x_wconf 85' lang='lat' dir='ltr'><strong><em>Patres.</em></strong></span> <span class='ocrx_word' id='word_1_280' title='bbox 924 3212 968 3275; x_wconf 86' lang='lat' dir='ltr'><strong><em>Et</em></strong></span> <span class='ocrx_word' id='word_1_281' title='bbox 981 3212 1020 3274; x_wconf 93' lang='lat' dir='ltr'><strong><em>ab</em></strong></span> <span class='ocrx_word' id='word_1_282' title='bbox 1036 3233 1143 3274; x_wconf 91' lang='lat' dir='ltr'><strong><em>mores</em></strong></span> <span class='ocrx_word' id='word_1_283' title='bbox 1158 3215 1228 3274; x_wconf 92' lang='lat' dir='ltr'><strong><em>eius</em></strong></span> <span class='ocrx_word' id='word_1_284' title='bbox 1237 3215 1437 3296; x_wconf 89' lang='lat' dir='ltr'><strong><em>praeclaros</em></strong></span> <span class='ocrx_word' id='word_1_285' title='bbox 1451 3227 1483 3275; x_wconf 92' lang='lat' dir='ltr'><strong><em>et</em></strong></span> <span class='ocrx_word' id='word_1_286' title='bbox 1496 3213 1603 3274; x_wconf 74' lang='lat' dir='ltr'><strong><em>zelum</em></strong></span> <span class='ocrx_word' id='word_1_287' title='bbox 1613 3213 1787 3295; x_wconf 69' lang='lat' dir='ltr'><strong><em>persidam,</em></strong></span> 
     </span>
     <span class='ocr_line' id='line_1_26' title="bbox 199 3305 1789 3410; baseline 0.001 -23"><span class='ocrx_word' id='word_1_288' title='bbox 199 3348 262 3408; x_wconf 92' lang='lat' dir='ltr'><strong><em>quo</em></strong></span> <span class='ocrx_word' id='word_1_289' title='bbox 277 3348 349 3388; x_wconf 86' lang='lat' dir='ltr'><strong><em>curn</em></strong></span> <span class='ocrx_word' id='word_1_290' title='bbox 365 3326 430 3389; x_wconf 91' lang='lat' dir='ltr'><strong><em>Dei</em></strong></span> <span class='ocrx_word' id='word_1_291' title='bbox 445 3330 559 3388; x_wconf 86' lang='lat' dir='ltr'><strong><em>timore</em></strong></span> <span class='ocrx_word' id='word_1_292' title='bbox 576 3328 724 3388; x_wconf 86' lang='lat' dir='ltr'><strong><em>amnibus</em></strong></span> <span class='ocrx_word' id='word_1_293' title='bbox 733 3305 1046 3410; x_wconf 89' lang='lat' dir='ltr'><strong><em>praedecessoribus</em></strong></span> <span class='ocrx_word' id='word_1_294' title='bbox 1060 3331 1130 3389; x_wconf 90' lang='lat' dir='ltr'><strong><em>suis</em></strong></span> <span class='ocrx_word' id='word_1_295' title='bbox 1143 3330 1296 3390; x_wconf 84' lang='lat' dir='ltr'><strong><em>solertius</em></strong></span> <span class='ocrx_word' id='word_1_296' title='bbox 1307 3329 1489 3409; x_wconf 79' lang='lat' dir='ltr'><strong><em>festinabat</em></strong></span> <span class='ocrx_word' id='word_1_297' title='bbox 1502 3340 1534 3389; x_wconf 90' lang='lat' dir='ltr'><strong><em>et</em></strong></span> <span class='ocrx_word' id='word_1_298' title='bbox 1548 3330 1611 3390; x_wconf 89' lang='lat' dir='ltr'><strong><em>toli</em></strong></span> <span class='ocrx_word' id='word_1_299' title='bbox 1627 3332 1757 3391; x_wconf 85' lang='lat' dir='ltr'><strong><em>ratione</em></strong></span> <span class='ocrx_word' id='word_1_300' title='bbox 1771 3352 1789 3389; x_wconf 91' lang='lat' dir='ltr'><strong><em>a</em></strong></span> 
     </span>
     <span class='ocr_line' id='line_1_27' title="bbox 198 3442 1791 3526; baseline 0.001 -22"><span class='ocrx_word' id='word_1_301' title='bbox 198 3457 290 3504; x_wconf 89' lang='lat' dir='ltr'><strong><em>coetu</em></strong></span> <span class='ocrx_word' id='word_1_302' title='bbox 314 3442 492 3504; x_wconf 82' lang='lat' dir='ltr'><strong><em>retributos</em></strong></span> <span class='ocrx_word' id='word_1_303' title='bbox 519 3455 576 3520; x_wconf 90' lang='lat' dir='ltr'><strong><em>est,</em></strong></span> <span class='ocrx_word' id='word_1_304' title='bbox 595 3462 689 3523; x_wconf 92' lang='lat' dir='ltr'><strong><em>quem</em></strong></span> <span class='ocrx_word' id='word_1_305' title='bbox 714 3442 869 3524; x_wconf 90' lang='lat' dir='ltr'><strong><em>discipuli</em></strong></span> <span class='ocrx_word' id='word_1_306' title='bbox 892 3445 961 3504; x_wconf 91' lang='lat' dir='ltr'><strong><em>cius</em></strong></span> <span class='ocrx_word' id='word_1_307' title='bbox 989 3454 1105 3504; x_wconf 91' lang='lat' dir='ltr'><strong><em>contra</em></strong></span> <span class='ocrx_word' id='word_1_308' title='bbox 1133 3447 1240 3525; x_wconf 90' lang='lat' dir='ltr'><strong><em>ipsum</em></strong></span> <span class='ocrx_word' id='word_1_309' title='bbox 1267 3446 1419 3525; x_wconf 81' lang='lat' dir='ltr'><strong><em>fecerunt</em></strong></span> <span class='ocrx_word' id='word_1_310' title='bbox 1445 3449 1569 3525; x_wconf 88' lang='lat' dir='ltr'><strong><em>absque</em></strong></span> <span class='ocrx_word' id='word_1_311' title='bbox 1589 3457 1791 3526; x_wconf 91' lang='lat' dir='ltr'><strong><em>potestate:</em></strong></span> 
     </span>
     <span class='ocr_line' id='line_1_28' title="bbox 194 3557 1793 3642; baseline 0.001 -24"><span class='ocrx_word' id='word_1_312' title='bbox 194 3571 437 3641; x_wconf 89' lang='lat' dir='ltr'><strong><em>praeceperunt</em></strong></span> <span class='ocrx_word' id='word_1_313' title='bbox 457 3557 592 3636; x_wconf 86' lang='lat' dir='ltr'><strong><em>Patres,</em></strong></span> <span class='ocrx_word' id='word_1_314' title='bbox 619 3583 632 3613; x_wconf 78' lang='grc' dir='ltr'>α</span> <span class='ocrx_word' id='word_1_315' title='bbox 655 3570 690 3619; x_wconf 91' lang='lat' dir='ltr'><strong><em>ut</em></strong></span> <span class='ocrx_word' id='word_1_316' title='bbox 707 3557 786 3619; x_wconf 84' lang='lat' dir='ltr'><strong><em>Mdr</em></strong></span> <span class='ocrx_word' id='word_1_317' title='bbox 803 3557 902 3639; x_wconf 72' lang='lat' dir='ltr'><strong><em>Papa</em></strong></span> <span class='ocrx_word' id='word_1_318' title='bbox 923 3561 957 3619; x_wconf 91' lang='lat' dir='ltr'><strong><em>in</em></strong></span> <span class='ocrx_word' id='word_1_319' title='bbox 984 3558 1066 3619; x_wconf 89' lang='lat' dir='ltr'><strong><em>libro</em></strong></span> <span class='ocrx_word' id='word_1_320' title='bbox 1088 3559 1190 3620; x_wconf 77' lang='lat' dir='ltr'><strong><em>eitae⁰</em></strong></span> <span class='ocrx_word' id='word_1_321' title='bbox 1215 3573 1293 3620; x_wconf 89' lang='lat' dir='ltr'><strong><em>ante</em></strong></span> <span class='ocrx_word' id='word_1_322' title='bbox 1314 3560 1458 3642; x_wconf 87' lang='lat' dir='ltr'><strong><em>reliquos</em></strong></span> <span class='ocrx_word' id='word_1_323' title='bbox 1481 3563 1743 3621; x_wconf 87' lang='lat' dir='ltr'><strong><em>annuntiaretur</em></strong></span> <span class='ocrx_word' id='word_1_324' title='bbox 1764 3573 1793 3621; x_wconf 91' lang='lat' dir='ltr'><strong><em>et</em></strong></span> 
     </span>
     <span class='ocr_line' id='line_1_29' title="bbox 196 3673 1792 3757; baseline 0.001 -23"><span class='ocrx_word' id='word_1_325' title='bbox 196 3694 307 3735; x_wconf 84' lang='lat' dir='ltr'><strong><em>omnes</em></strong></span> <span class='ocrx_word' id='word_1_326' title='bbox 326 3673 513 3736; x_wconf 81' lang='lat' dir='ltr'><strong><em>decessores</em></strong></span> <span class='ocrx_word' id='word_1_327' title='bbox 532 3676 601 3735; x_wconf 92' lang='lat' dir='ltr'><strong><em>eius</em></strong></span> <span class='ocrx_word' id='word_1_328' title='bbox 614 3685 694 3756; x_wconf 87' lang='lat' dir='ltr'><strong><em>post</em></strong></span> <span class='ocrx_word' id='word_1_329' title='bbox 714 3693 786 3733; x_wconf 89' lang='lat' dir='ltr'><strong><em>euru</em></strong></span> <span class='ocrx_word' id='word_1_330' title='bbox 803 3673 1095 3754; x_wconf 88' lang='lat' dir='ltr'><strong><em>praedicarentur.</em></strong></span> <span class='ocrx_word' id='word_1_331' title='bbox 1114 3674 1158 3736; x_wconf 87' lang='lat' dir='ltr'><strong><em>Et</em></strong></span> <span class='ocrx_word' id='word_1_332' title='bbox 1179 3677 1280 3736; x_wconf 91' lang='lat' dir='ltr'><strong><em>etiam</em></strong></span> <span class='ocrx_word' id='word_1_333' title='bbox 1300 3673 1380 3736; x_wconf 79' lang='lat' dir='ltr'><strong><em>bleir</em></strong></span> <span class='ocrx_word' id='word_1_334' title='bbox 1402 3674 1543 3752; x_wconf 88' lang='lat' dir='ltr'><strong><em>Simeon,</em></strong></span> <span class='ocrx_word' id='word_1_335' title='bbox 1566 3677 1625 3756; x_wconf 92' lang='lat' dir='ltr'><strong><em>qni</em></strong></span> <span class='ocrx_word' id='word_1_336' title='bbox 1645 3688 1792 3757; x_wconf 88' lang='lat' dir='ltr'><strong><em>temporo</em></strong></span> 
     </span>
     <span class='ocr_line' id='line_1_30' title="bbox 197 3787 1788 3871; baseline 0.001 -22"><span class='ocrx_word' id='word_1_337' title='bbox 197 3791 473 3869; x_wconf 89' lang='lat' dir='ltr'><strong><em>constuprationis</em></strong></span> <span class='ocrx_word' id='word_1_338' title='bbox 481 3790 692 3871; x_wconf 82' lang='lat' dir='ltr'><strong><em>principatus</em></strong></span> <span class='ocrx_word' id='word_1_339' title='bbox 702 3810 767 3870; x_wconf 96' lang='lat' dir='ltr'><strong><em>pro</em></strong></span> <span class='ocrx_word' id='word_1_340' title='bbox 785 3787 865 3850; x_wconf 76' lang='lat' dir='ltr'><strong><em>Ma‘r</em></strong></span> <span class='ocrx_word' id='word_1_341' title='bbox 883 3788 981 3871; x_wconf 85' lang='lat' dir='ltr'><strong><em>Pdpa</em></strong></span> <span class='ocrx_word' id='word_1_342' title='bbox 1000 3792 1189 3850; x_wconf 90' lang='lat' dir='ltr'><strong><em>nominatus</em></strong></span> <span class='ocrx_word' id='word_1_343' title='bbox 1212 3803 1268 3866; x_wconf 85' lang='lat' dir='ltr'><strong><em>est,</em></strong></span> <span class='ocrx_word' id='word_1_344' title='bbox 1291 3793 1427 3851; x_wconf 89' lang='lat' dir='ltr'><strong><em>scientes</em></strong></span> <span class='ocrx_word' id='word_1_345' title='bbox 1443 3810 1515 3851; x_wconf 88' lang='lat' dir='ltr'><strong><em>eum</em></strong></span> <span class='ocrx_word' id='word_1_346' title='bbox 1532 3792 1635 3851; x_wconf 80' lang='lat' dir='ltr'><strong><em>virum</em></strong></span> <span class='ocrx_word' id='word_1_347' title='bbox 1655 3789 1722 3852; x_wconf 88' lang='lat' dir='ltr'><strong><em>Dei</em></strong></span> <span class='ocrx_word' id='word_1_348' title='bbox 1735 3811 1788 3869; x_wconf 72' lang='lat' dir='ltr'><strong><em>ea-</em></strong></span> 
     </span>
     <span class='ocr_line' id='line_1_31' title="bbox 197 3903 1791 3987; baseline 0.001 -23"><span class='ocrx_word' id='word_1_349' title='bbox 197 3904 365 3966; x_wconf 88' lang='lat' dir='ltr'><strong><em>cellentem</em></strong></span> <span class='ocrx_word' id='word_1_350' title='bbox 385 3925 455 3966; x_wconf 88' lang='lat' dir='ltr'><strong><em>esse</em></strong></span> <span class='ocrx_word' id='word_1_351' title='bbox 474 3917 504 3965; x_wconf 95' lang='lat' dir='ltr'><strong><em>et</em></strong></span> <span class='ocrx_word' id='word_1_352' title='bbox 519 3903 566 3965; x_wconf 92' lang='lat' dir='ltr'><strong><em>ad</em></strong></span> <span class='ocrx_word' id='word_1_353' title='bbox 580 3904 641 3966; x_wconf 86' lang='lat' dir='ltr'><strong><em>boc</em></strong></span> <span class='ocrx_word' id='word_1_354' title='bbox 657 3907 689 3967; x_wconf 85' lang='lat' dir='ltr'><strong><em>oi</em></strong></span> <span class='ocrx_word' id='word_1_355' title='bbox 705 3904 908 3986; x_wconf 89' lang='lat' dir='ltr'><strong><em>compulsum</em></strong></span> <span class='ocrx_word' id='word_1_356' title='bbox 925 3924 994 3965; x_wconf 90' lang='lat' dir='ltr'><strong><em>esse</em></strong></span> <span class='ocrx_word' id='word_1_357' title='bbox 1017 3907 1085 3966; x_wconf 86' lang='lat' dir='ltr'><strong><em>:sit</em></strong></span> <span class='ocrx_word' id='word_1_358' title='bbox 1101 3904 1346 3966; x_wconf 86' lang='lat' dir='ltr'><strong><em>Acbidiaconus</em></strong></span> <span class='ocrx_word' id='word_1_359' title='bbox 1359 3904 1437 3967; x_wconf 78' lang='lat' dir='ltr'><strong><em>Mar</em></strong></span> <span class='ocrx_word' id='word_1_360' title='bbox 1448 3905 1565 3987; x_wconf 82' lang='lat' dir='ltr'><strong><em>Pu‘pae</em></strong></span> <span class='ocrx_word' id='word_1_361' title='bbox 1583 3918 1613 3967; x_wconf 92' lang='lat' dir='ltr'><strong><em>et</em></strong></span> <span class='ocrx_word' id='word_1_362' title='bbox 1627 3908 1791 3967; x_wconf 86' lang='lat' dir='ltr'><strong><em>ministret</em></strong></span> 
     </span>
     <span class='ocr_line' id='line_1_32' title="bbox 194 4018 1790 4102; baseline 0 -22"><span class='ocrx_word' id='word_1_363' title='bbox 194 4040 306 4080; x_wconf 92' lang='lat' dir='ltr'><strong><em>coram</em></strong></span> <span class='ocrx_word' id='word_1_364' title='bbox 321 4039 358 4081; x_wconf 91' lang='lat' dir='ltr'><strong><em>eo</em></strong></span> <span class='ocrx_word' id='word_1_365' title='bbox 373 4040 444 4080; x_wconf 91' lang='lat' dir='ltr'><strong><em>cum</em></strong></span> <span class='ocrx_word' id='word_1_366' title='bbox 459 4022 598 4080; x_wconf 89' lang='lat' dir='ltr'><strong><em>caritate</em></strong></span> <span class='ocrx_word' id='word_1_367' title='bbox 616 4032 649 4082; x_wconf 91' lang='lat' dir='ltr'><strong><em>et</em></strong></span> <span class='ocrx_word' id='word_1_368' title='bbox 660 4018 725 4082; x_wconf 91' lang='lat' dir='ltr'><strong><em>Dei</em></strong></span> <span class='ocrx_word' id='word_1_369' title='bbox 742 4021 875 4096; x_wconf 90' lang='lat' dir='ltr'><strong><em>timore;</em></strong></span> <span class='ocrx_word' id='word_1_370' title='bbox 890 4033 921 4080; x_wconf 93' lang='lat' dir='ltr'><strong><em>et</em></strong></span> <span class='ocrx_word' id='word_1_371' title='bbox 939 4019 1074 4101; x_wconf 84' lang='lat' dir='ltr'><strong><em>quando</em></strong></span> <span class='ocrx_word' id='word_1_372' title='bbox 1089 4018 1168 4081; x_wconf 72' lang='lat' dir='ltr'><strong><em>Ma‘r</em></strong></span> <span class='ocrx_word' id='word_1_373' title='bbox 1184 4020 1281 4102; x_wconf 82' lang='lat' dir='ltr'><strong><em>Pdpa</em></strong></span> <span class='ocrx_word' id='word_1_374' title='bbox 1300 4020 1347 4081; x_wconf 89' lang='lat' dir='ltr'><strong><em>ad</em></strong></span> <span class='ocrx_word' id='word_1_375' title='bbox 1364 4019 1541 4083; x_wconf 91' lang='lat' dir='ltr'><strong><em>Dominum</em></strong></span> <span class='ocrx_word' id='word_1_376' title='bbox 1560 4042 1656 4081; x_wconf 90' lang='lat' dir='ltr'><strong><em>suum</em></strong></span> <span class='ocrx_word' id='word_1_377' title='bbox 1675 4040 1717 4082; x_wconf 80' lang='lat' dir='ltr'><strong><em>ea</em></strong></span> <span class='ocrx_word' id='word_1_378' title='bbox 1731 4021 1790 4081; x_wconf 87' lang='lat' dir='ltr'><strong><em>boc</em></strong></span> 
     </span>
     <span class='ocr_line' id='line_1_33' title="bbox 193 4133 1789 4217; baseline 0.001 -23"><span class='ocrx_word' id='word_1_379' title='bbox 193 4133 315 4195; x_wconf 90' lang='lat' dir='ltr'><strong><em>mundo</em></strong></span> <span class='ocrx_word' id='word_1_380' title='bbox 330 4134 458 4212; x_wconf 88' lang='lat' dir='ltr'><strong><em>abierit,</em></strong></span> <span class='ocrx_word' id='word_1_381' title='bbox 471 4137 674 4217; x_wconf 90' lang='lat' dir='ltr'><strong><em>permittitur</em></strong></span> <span class='ocrx_word' id='word_1_382' title='bbox 692 4157 714 4196; x_wconf 91' lang='lat' dir='ltr'><strong><em>a</em></strong></span> <span class='ocrx_word' id='word_1_383' title='bbox 726 4136 819 4197; x_wconf 93' lang='lat' dir='ltr'><strong><em>nobis</em></strong></span> <span class='ocrx_word' id='word_1_384' title='bbox 833 4134 912 4197; x_wconf 80' lang='lat' dir='ltr'><strong><em>Mar</em></strong></span> <span class='ocrx_word' id='word_1_385' title='bbox 928 4133 1076 4196; x_wconf 89' lang='lat' dir='ltr'><strong><em>Simeoni</em></strong></span> <span class='ocrx_word' id='word_1_386' title='bbox 1087 4134 1203 4197; x_wconf 90' lang='lat' dir='ltr'><strong><em>sedere</em></strong></span> <span class='ocrx_word' id='word_1_387' title='bbox 1218 4139 1250 4196; x_wconf 91' lang='lat' dir='ltr'><strong><em>ia</em></strong></span> <span class='ocrx_word' id='word_1_388' title='bbox 1269 4136 1386 4198; x_wconf 87' lang='lat' dir='ltr'><strong><em>tbrono</em></strong></span> <span class='ocrx_word' id='word_1_389' title='bbox 1406 4134 1484 4197; x_wconf 82' lang='lat' dir='ltr'><strong><em>Ma‘r</em></strong></span> <span class='ocrx_word' id='word_1_390' title='bbox 1499 4135 1616 4217; x_wconf 83' lang='lat' dir='ltr'><strong><em>Pdpae</em></strong></span> <span class='ocrx_word' id='word_1_391' title='bbox 1632 4147 1664 4197; x_wconf 89' lang='lat' dir='ltr'><strong><em>et</em></strong></span> <span class='ocrx_word' id='word_1_392' title='bbox 1680 4148 1789 4198; x_wconf 87' lang='lat' dir='ltr'><strong><em>tenere</em></strong></span> 
     </span>
     <span class='ocr_line' id='line_1_34' title="bbox 189 4249 760 4332; baseline 0 -20"><span class='ocrx_word' id='word_1_393' title='bbox 189 4249 444 4312; x_wconf 89' lang='lat' dir='ltr'><strong><em>iurisdictionem</em></strong></span> <span class='ocrx_word' id='word_1_394' title='bbox 457 4250 718 4332; x_wconf 78' lang='lat' dir='ltr'><strong><em>patriarchalem</em></strong></span> <span class='ocrx_word' id='word_1_395' title='bbox 735 4278 760 4311; x_wconf 87' lang='lat'><strong><em>».</em></strong></span> 
     </span>
    </p>
   </div>
   <div class='ocr_carea' id='block_1_5' title="bbox 184 4453 1786 5711">
    <p class='ocr_par' dir='ltr' id='par_1_6' title="bbox 189 4453 1786 4644">
     <span class='ocr_line' id='line_1_35' title="bbox 195 4453 1786 4538; baseline -0.001 -23"><span class='ocrx_word' id='word_1_396' title='bbox 195 4454 292 4515; x_wconf 85' lang='lat' dir='ltr'><strong><em>deren</em></strong></span> <span class='ocrx_word' id='word_1_397' title='bbox 309 4454 464 4538; x_wconf 81' lang='lat' dir='ltr'><strong><em>Zegnisse</em></strong></span> <span class='ocrx_word' id='word_1_398' title='bbox 480 4475 519 4515; x_wconf 84' lang='lat' dir='ltr'><strong><em>an</em></strong></span> <span class='ocrx_word' id='word_1_399' title='bbox 534 4454 598 4515; x_wconf 87' lang='lat' dir='ltr'><strong><em>und</em></strong></span> <span class='ocrx_word' id='word_1_400' title='bbox 612 4454 716 4517; x_wconf 82' lang='lat' dir='ltr'><strong><em>obwol</em></strong></span> <span class='ocrx_word' id='word_1_401' title='bbox 731 4455 778 4517; x_wconf 88' lang='lat' dir='ltr'><strong><em>sie</em></strong></span> <span class='ocrx_word' id='word_1_402' title='bbox 794 4454 874 4516; x_wconf 89' lang='lat' dir='ltr'><strong><em>Kein</em></strong></span> <span class='ocrx_word' id='word_1_403' title='bbox 888 4453 993 4516; x_wconf 87' lang='lat' dir='ltr'><strong><em>Recht</em></strong></span> <span class='ocrx_word' id='word_1_404' title='bbox 1006 4453 1086 4516; x_wconf 88' lang='lat' dir='ltr'><strong><em>dazu</em></strong></span> <span class='ocrx_word' id='word_1_405' title='bbox 1099 4456 1218 4528; x_wconf 76' lang='lat' dir='ltr'><strong><em>hatten,</em></strong></span> <span class='ocrx_word' id='word_1_406' title='bbox 1236 4464 1358 4517; x_wconf 83' lang='lat' dir='ltr'><strong><em>setzten</em></strong></span> <span class='ocrx_word' id='word_1_407' title='bbox 1374 4455 1421 4517; x_wconf 87' lang='lat' dir='ltr'><strong><em>sie</em></strong></span> <span class='ocrx_word' id='word_1_408' title='bbox 1436 4454 1484 4516; x_wconf 83' lang='lat' dir='ltr'><strong><em>als</em></strong></span> <span class='ocrx_word' id='word_1_409' title='bbox 1500 4453 1705 4516; x_wconf 82' lang='lat' dir='ltr'><strong><em>Richterden</em></strong></span> <span class='ocrx_word' id='word_1_410' title='bbox 1718 4453 1786 4516; x_wconf 84' lang='lat' dir='ltr'><strong><em>Mor</em></strong></span> 
     </span>
     <span class='ocr_line' id='line_1_36' title="bbox 189 4561 376 4644; baseline -0.011 -21"><span class='ocrx_word' id='word_1_411' title='bbox 189 4561 277 4644; x_wconf 85' lang='lat' dir='ltr'><strong><em>Papa</em></strong></span> <span class='ocrx_word' id='word_1_412' title='bbox 292 4562 332 4623; x_wconf 87' lang='lat' dir='ltr'><strong><em>ab</em></strong></span> <span class='ocrx_word' id='word_1_413' title='bbox 349 4588 376 4621; x_wconf 81' lang='lat'><strong><em>».</em></strong></span> 
     </span>
    </p>

    <p class='ocr_par' dir='ltr' id='par_1_7' title="bbox 190 4666 1784 4964">
     <span class='ocr_line' id='line_1_37' title="bbox 250 4666 1784 4752; baseline -0.001 -24"><span class='ocrx_word' id='word_1_414' title='bbox 250 4667 259 4704; x_wconf 82' lang='lat'><strong>⁴</strong></span> <span class='ocrx_word' id='word_1_415' title='bbox 279 4666 398 4741; x_wconf 74' lang='lat' dir='ltr'><strong><em>Brenn,</em></strong></span> <span class='ocrx_word' id='word_1_416' title='bbox 419 4667 496 4729; x_wconf 87' lang='lat' dir='ltr'><strong><em>ibid.</em></strong></span> <span class='ocrx_word' id='word_1_417' title='bbox 515 4690 525 4728; x_wconf 90' lang='lat'><em>:</em></span> <span class='ocrx_word' id='word_1_418' title='bbox 543 4695 557 4723; x_wconf 73' lang='lat' dir='ltr'><strong><em>a</em></strong></span> <span class='ocrx_word' id='word_1_419' title='bbox 575 4666 650 4729; x_wconf 85' lang='lat' dir='ltr'><strong><em>dass</em></strong></span> <span class='ocrx_word' id='word_1_420' title='bbox 662 4667 720 4730; x_wconf 86' lang='lat' dir='ltr'><strong><em>das</em></strong></span> <span class='ocrx_word' id='word_1_421' title='bbox 738 4668 822 4730; x_wconf 79' lang='lat' dir='ltr'><strong><em>Bbse</em></strong></span> <span class='ocrx_word' id='word_1_422' title='bbox 839 4668 918 4730; x_wconf 68' lang='lat' dir='ltr'><strong><em>tiber</em></strong></span> <span class='ocrx_word' id='word_1_423' title='bbox 934 4669 1018 4731; x_wconf 83' lang='lat' dir='ltr'><strong><em>Gute.</em></strong></span> <span class='ocrx_word' id='word_1_424' title='bbox 1036 4667 1100 4729; x_wconf 85' lang='lat' dir='ltr'><strong><em>und</em></strong></span> <span class='ocrx_word' id='word_1_425' title='bbox 1113 4668 1197 4730; x_wconf 76' lang='lat' dir='ltr'><strong><em>Bbse</em></strong></span> <span class='ocrx_word' id='word_1_426' title='bbox 1214 4668 1343 4752; x_wconf 81' lang='lat' dir='ltr'><strong><em>gesiegt</em></strong></span> <span class='ocrx_word' id='word_1_427' title='bbox 1359 4693 1373 4723; x_wconf 89' lang='lat'>»</span> <span class='ocrx_word' id='word_1_428' title='bbox 1392 4669 1459 4745; x_wconf 60' lang='lat' dir='ltr'><strong><em>(ests</em></strong></span> <span class='ocrx_word' id='word_1_429' title='bbox 1474 4667 1572 4736; x_wconf 58' lang='lat' dir='ltr'><strong><em>sistas</em></strong></span> <span class='ocrx_word' id='word_1_430' title='bbox 1587 4666 1642 4728; x_wconf 89' lang='lat' dir='ltr'><strong><em>sed</em></strong></span> <span class='ocrx_word' id='word_1_431' title='bbox 1655 4678 1784 4751; x_wconf 80' lang='lat' dir='ltr'><strong><em>propter</em></strong></span> 
     </span>
     <span class='ocr_line' id='line_1_38' title="bbox 193 4772 1781 4857; baseline -0.003 -22"><span class='ocrx_word' id='word_1_432' title='bbox 193 4773 443 4857; x_wconf 83' lang='lat' dir='ltr'><strong><em>parallelismum</em></strong></span> <span class='ocrx_word' id='word_1_433' title='bbox 464 4795 616 4836; x_wconf 83' lang='lat' dir='ltr'><strong><em>numerus</em></strong></span> <span class='ocrx_word' id='word_1_434' title='bbox 635 4774 770 4856; x_wconf 85' lang='lat' dir='ltr'><strong><em>pluralis</em></strong></span> <span class='ocrx_word' id='word_1_435' title='bbox 788 4774 972 4836; x_wconf 84' lang='lat' dir='ltr'><strong><em>retinendus</em></strong></span> <span class='ocrx_word' id='word_1_436' title='bbox 989 4785 1053 4850; x_wconf 83' lang='lat' dir='ltr'><strong><em>est3</em></strong></span> <span class='ocrx_word' id='word_1_437' title='bbox 1068 4776 1100 4836; x_wconf 89' lang='lat' dir='ltr'><strong><em>in</em></strong></span> <span class='ocrx_word' id='word_1_438' title='bbox 1119 4774 1265 4857; x_wconf 88' lang='lat' dir='ltr'><strong><em>sequenti</em></strong></span> <span class='ocrx_word' id='word_1_439' title='bbox 1286 4773 1429 4835; x_wconf 86' lang='lat' dir='ltr'><strong><em>membro</em></strong></span> <span class='ocrx_word' id='word_1_440' title='bbox 1454 4774 1538 4835; x_wconf 85' lang='lat' dir='ltr'><strong><em>enim</em></strong></span> <span class='ocrx_word' id='word_1_441' title='bbox 1557 4788 1651 4855; x_wconf 47' lang='lat'><strong><em>2:234,</em></strong></span> <span class='ocrx_word' id='word_1_442' title='bbox 1671 4780 1735 4843; x_wconf 65' lang='grc' dir='ltr'><strong><em>μξὲο</em></strong></span> <span class='ocrx_word' id='word_1_443' title='bbox 1747 4772 1781 4835; x_wconf 81' lang='lat' dir='ltr'><strong><em>ab</em></strong></span> 
     </span>
     <span class='ocr_line' id='line_1_39' title="bbox 190 4881 544 4964; baseline 0 -21"><span class='ocrx_word' id='word_1_444' title='bbox 190 4882 359 4963; x_wconf 87' lang='lat' dir='ltr'><strong><em>episcopos</em></strong></span> <span class='ocrx_word' id='word_1_445' title='bbox 375 4881 544 4964; x_wconf 81' lang='lat' dir='ltr'><strong><em>pertinent)</em></strong></span> 
     </span>
    </p>

    <p class='ocr_par' dir='ltr' id='par_1_8' title="bbox 249 4986 1447 5072">
     <span class='ocr_line' id='line_1_40' title="bbox 249 4986 1447 5072; baseline -0.001 -23"><span class='ocrx_word' id='word_1_446' title='bbox 249 4988 262 5024; x_wconf 66' lang='lat'>2</span> <span class='ocrx_word' id='word_1_447' title='bbox 278 4988 396 5064; x_wconf 84' lang='lat' dir='ltr'><strong><em>Braun,</em></strong></span> <span class='ocrx_word' id='word_1_448' title='bbox 414 4987 492 5050; x_wconf 89' lang='lat' dir='ltr'><strong><em>ibid.</em></strong></span> <span class='ocrx_word' id='word_1_449' title='bbox 507 5001 542 5056; x_wconf 68' lang='grc' dir='ltr'><strong><em>οε,</em></strong></span> <span class='ocrx_word' id='word_1_450' title='bbox 553 4990 599 5072; x_wconf 53' lang='lat' dir='ltr'><strong><em>„i</em></strong></span> <span class='ocrx_word' id='word_1_451' title='bbox 613 5008 676 5049; x_wconf 87' lang='lat' dir='ltr'><strong><em>noa</em></strong></span> <span class='ocrx_word' id='word_1_452' title='bbox 690 4988 868 5064; x_wconf 85' lang='lat' dir='ltr'><strong><em>transtulit;</em></strong></span> <span class='ocrx_word' id='word_1_453' title='bbox 886 4988 1018 5050; x_wconf 81' lang='lat' dir='ltr'><strong><em>forsitan</em></strong></span> <span class='ocrx_word' id='word_1_454' title='bbox 1034 4987 1126 5050; x_wconf 85' lang='lat' dir='ltr'><strong><em>deest</em></strong></span> <span class='ocrx_word' id='word_1_455' title='bbox 1140 4988 1172 5048; x_wconf 90' lang='lat' dir='ltr'><strong><em>in</em></strong></span> <span class='ocrx_word' id='word_1_456' title='bbox 1187 4987 1257 5049; x_wconf 88' lang='lat' dir='ltr'><strong><em>cod.</em></strong></span> <span class='ocrx_word' id='word_1_457' title='bbox 1273 4986 1447 5071; x_wconf 75' lang='lat' dir='ltr'><strong><em>Bargiana</em></strong></span> 
     </span>
    </p>

    <p class='ocr_par' dir='ltr' id='par_1_9' title="bbox 248 5094 824 5178">
     <span class='ocr_line' id='line_1_41' title="bbox 248 5094 824 5178; baseline 0.002 -23"><span class='ocrx_word' id='word_1_458' title='bbox 248 5096 259 5131; x_wconf 87' lang='lat'>³</span> <span class='ocrx_word' id='word_1_459' title='bbox 275 5094 393 5170; x_wconf 85' lang='lat' dir='ltr'><strong><em>Braun,</em></strong></span> <span class='ocrx_word' id='word_1_460' title='bbox 410 5095 487 5156; x_wconf 94' lang='lat' dir='ltr'><strong><em>ibid.</em></strong></span> <span class='ocrx_word' id='word_1_461' title='bbox 504 5095 623 5157; x_wconf 85' lang='lat' dir='ltr'><strong><em>Demut</em></strong></span> <span class='ocrx_word' id='word_1_462' title='bbox 635 5115 693 5178; x_wconf 84' lang='lat' dir='ltr'><strong><em>pro</em></strong></span> <span class='ocrx_word' id='word_1_463' title='bbox 710 5100 824 5165; x_wconf 60' lang='lat' dir='ltr'><strong><em>timis</em></strong></span> 
     </span>
    </p>

    <p class='ocr_par' dir='ltr' id='par_1_10' title="bbox 184 5199 1782 5389">
     <span class='ocr_line' id='line_1_42' title="bbox 248 5199 1782 5285; baseline -0.001 -24"><span class='ocrx_word' id='word_1_464' title='bbox 248 5201 259 5237; x_wconf 74' lang='lat'><strong><em>‘⁸</em></strong></span> <span class='ocrx_word' id='word_1_465' title='bbox 277 5201 395 5275; x_wconf 69' lang='lat' dir='ltr'><strong><em>Britan,</em></strong></span> <span class='ocrx_word' id='word_1_466' title='bbox 418 5201 496 5263; x_wconf 83' lang='lat' dir='ltr'><strong><em>ibid.</em></strong></span> <span class='ocrx_word' id='word_1_467' title='bbox 518 5223 528 5262; x_wconf 91' lang='grc'><strong><em>.·</em></strong></span> <span class='ocrx_word' id='word_1_468' title='bbox 547 5228 559 5256; x_wconf 76' lang='grc' dir='ltr'><strong><em>ι(</em></strong></span> <span class='ocrx_word' id='word_1_469' title='bbox 580 5201 640 5263; x_wconf 82' lang='lat' dir='ltr'><strong><em>alle</em></strong></span> <span class='ocrx_word' id='word_1_470' title='bbox 658 5201 973 5264; x_wconf 79' lang='lat' dir='ltr'><strong><em>verltiumderischen</em></strong></span> <span class='ocrx_word' id='word_1_471' title='bbox 997 5201 1061 5263; x_wconf 87' lang='lat' dir='ltr'><strong><em>und</em></strong></span> <span class='ocrx_word' id='word_1_472' title='bbox 1076 5199 1379 5263; x_wconf 80' lang='lat' dir='ltr'><strong><em>unterdrtickendcn</em></strong></span> <span class='ocrx_word' id='word_1_473' title='bbox 1400 5199 1601 5285; x_wconf 79' lang='lat' dir='ltr'><strong><em>Anklagen»</em></strong></span> <span class='ocrx_word' id='word_1_474' title='bbox 1629 5200 1782 5281; x_wconf 83' lang='lat' dir='ltr'><strong><em>(omittere</em></strong></span> 
     </span>
     <span class='ocr_line' id='line_1_43' title="bbox 184 5307 598 5389; baseline 0.01 -22"><span class='ocrx_word' id='word_1_475' title='bbox 184 5307 311 5368; x_wconf 82' lang='lat' dir='ltr'><strong><em>videtur</em></strong></span> <span class='ocrx_word' id='word_1_476' title='bbox 329 5323 377 5376; x_wconf 63' lang='lat' dir='ltr'><strong><em>iia</em></strong></span> <span class='ocrx_word' id='word_1_477' title='bbox 388 5319 465 5385; x_wconf 48' lang='lat' dir='ltr'><strong><em>,test</em></strong></span> <span class='ocrx_word' id='word_1_478' title='bbox 479 5317 511 5370; x_wconf 88' lang='lat' dir='ltr'><strong><em>et</em></strong></span> <span class='ocrx_word' id='word_1_479' title='bbox 523 5309 598 5389; x_wconf 51' lang='grc' dir='ltr'><strong><em>ἰώ).</em></strong></span> 
     </span>
    </p>

    <p class='ocr_par' dir='ltr' id='par_1_11' title="bbox 186 5411 1781 5585">
     <span class='ocr_line' id='line_1_44' title="bbox 246 5411 1781 5498; baseline -0.001 -22"><span class='ocrx_word' id='word_1_480' title='bbox 246 5413 345 5476; x_wconf 77' lang='lat' dir='ltr'>⁵V0x</span> <span class='ocrx_word' id='word_1_481' title='bbox 360 5413 391 5473; x_wconf 89' lang='lat' dir='ltr'><strong><em>in</em></strong></span> <span class='ocrx_word' id='word_1_482' title='bbox 413 5413 522 5475; x_wconf 86' lang='lat' dir='ltr'><strong><em>codice</em></strong></span> <span class='ocrx_word' id='word_1_483' title='bbox 543 5436 560 5476; x_wconf 90' lang='lat' dir='ltr'><strong><em>o</em></strong></span> <span class='ocrx_word' id='word_1_484' title='bbox 580 5424 671 5497; x_wconf 87' lang='lat' dir='ltr'><strong><em>parte</em></strong></span> <span class='ocrx_word' id='word_1_485' title='bbox 687 5413 867 5498; x_wconf 77' lang='lat' dir='ltr'><strong><em>illegibilis3</em></strong></span> <span class='ocrx_word' id='word_1_486' title='bbox 885 5415 993 5476; x_wconf 84' lang='lat' dir='ltr'><strong><em>Braun</em></strong></span> <span class='ocrx_word' id='word_1_487' title='bbox 1015 5437 1022 5477; x_wconf 91' lang='lat'>:</span> <span class='ocrx_word' id='word_1_488' title='bbox 1046 5440 1060 5471; x_wconf 80' lang='lat' dir='ltr'><strong><em>&lt;t</em></strong></span> <span class='ocrx_word' id='word_1_489' title='bbox 1084 5415 1175 5476; x_wconf 84' lang='lat' dir='ltr'><strong><em>ihren</em></strong></span> <span class='ocrx_word' id='word_1_490' title='bbox 1192 5415 1293 5476; x_wconf 77' lang='lat' dir='ltr'><strong><em>bbsen</em></strong></span> <span class='ocrx_word' id='word_1_491' title='bbox 1309 5413 1429 5479; x_wconf 85' lang='lat' dir='ltr'><strong><em>Willen</em></strong></span> <span class='ocrx_word' id='word_1_492' title='bbox 1446 5433 1554 5498; x_wconf 83' lang='lat' dir='ltr'><strong><em>gegen</em></strong></span> <span class='ocrx_word' id='word_1_493' title='bbox 1566 5411 1628 5474; x_wconf 88' lang='lat' dir='ltr'><strong><em>den</em></strong></span> <span class='ocrx_word' id='word_1_494' title='bbox 1644 5412 1781 5476; x_wconf 75' lang='lat' dir='ltr'><strong><em>Patriae-</em></strong></span> 
     </span>
     <span class='ocr_line' id='line_1_45' title="bbox 186 5519 794 5585; baseline 0.005 -3"><span class='ocrx_word' id='word_1_495' title='bbox 186 5521 266 5582; x_wconf 84' lang='lat' dir='ltr'><strong><em>chen</em></strong></span> <span class='ocrx_word' id='word_1_496' title='bbox 283 5520 314 5581; x_wconf 90' lang='lat' dir='ltr'><strong><em>in</em></strong></span> <span class='ocrx_word' id='word_1_497' title='bbox 329 5519 430 5584; x_wconf 83' lang='lat' dir='ltr'><strong><em>Wcrk</em></strong></span> <span class='ocrx_word' id='word_1_498' title='bbox 446 5531 554 5583; x_wconf 85' lang='lat' dir='ltr'><strong><em>setzen</em></strong></span> <span class='ocrx_word' id='word_1_499' title='bbox 569 5543 607 5583; x_wconf 86' lang='lat' dir='ltr'><strong><em>zu</em></strong></span> <span class='ocrx_word' id='word_1_500' title='bbox 622 5521 748 5584; x_wconf 83' lang='lat' dir='ltr'><strong><em>kbnnen</em></strong></span> <span class='ocrx_word' id='word_1_501' title='bbox 767 5547 794 5585; x_wconf 74' lang='lat' dir='ltr'><strong><em>s.</em></strong></span> 
     </span>
    </p>

    <p class='ocr_par' dir='ltr' id='par_1_12' title="bbox 247 5626 999 5711">
     <span class='ocr_line' id='line_1_46' title="bbox 247 5626 999 5711; baseline 0.001 -20"><span class='ocrx_word' id='word_1_502' title='bbox 247 5629 258 5665; x_wconf 78' lang='lat'><strong>⁰</strong></span> <span class='ocrx_word' id='word_1_503' title='bbox 276 5626 407 5691; x_wconf 81' lang='lat' dir='ltr'><strong><em>Scilicet</em></strong></span> <span class='ocrx_word' id='word_1_504' title='bbox 420 5626 452 5688; x_wconf 91' lang='lat' dir='ltr'><strong><em>in</em></strong></span> <span class='ocrx_word' id='word_1_505' title='bbox 466 5627 648 5711; x_wconf 71' lang='lat' dir='ltr'><strong><em>Diptychis,</em></strong></span> <span class='ocrx_word' id='word_1_506' title='bbox 665 5629 866 5691; x_wconf 82' lang='lat' dir='ltr'><strong><em>utt1·ansiert</em></strong></span> <span class='ocrx_word' id='word_1_507' title='bbox 881 5629 999 5693; x_wconf 86' lang='lat' dir='ltr'><strong><em>Braun.</em></strong></span> 
     </span>
    </p>
   </div>
   <div class='ocr_carea' id='block_1_6' title="bbox 0 0 1944 6316">
    <p class='ocr_par' dir='ltr' id='par_1_13' title="bbox 0 0 1944 6316">
     <span class='ocr_line' id='line_1_47' title="bbox 0 0 1944 6316; baseline 0 0"><span class='ocrx_word' id='word_1_508' title='bbox 0 0 1944 6316; x_wconf 95' lang='lat' dir='ltr'><strong><em> </em></strong></span> 
     </span>
    </p>
   </div>
  </div>
 </body>
</html>
