3884 6316
569 415 625 477 DE
648 415 978 480 PEllSECU'llONE
1003 414 1198 480 sarolus.
1625 430 1683 488 699

89 620 224 689 autem.
238 605 274 676 in
284 630 393 703 quam
406 604 474 676 hac
488 604 628 676 ratione
645 604 812 688 incurrit,
826 603 988 702 apprime
1004 604 1208 677 illustratur
1222 605 1394 678 methodo
1410 606 1485 694 illa,
1501 634 1575 706 qua
1591 611 1681 684 Cod.

88 742 175 813 Vat.
195 742 327 837 Syrum
353 738 418 809 161
444 749 590 822 tractat,
614 737 676 835 qui
698 762 832 809 annum
860 738 903 809 3l
927 737 1076 834 Saporis
1102 738 1258 811 eundem
1279 739 1368 811 dicit
1387 764 1468 811 cum
1495 765 1590 816 anno
1613 745 1683 816 656

89 874 323 957 Graecorum,
348 870 489 943 scilicet
514 895 610 943 anno
635 871 706 941 344
731 873 777 943 D.
806 870 903 947 Dicit
928 895 1058 969 nempe
1087 870 1375 969 manuscriptum
1398 873 1493 945 hunc
1521 875 1683 949 codicem

91 1007 176 1103 (quo
196 1017 304 1076 antea
320 1017 394 1076 tam
416 1003 607 1103 ingeniose
629 1029 719 1075 usus
743 1016 798 1076 est
820 1003 867 1076 ad
887 1003 1110 1076 assertiones
1129 1028 1218 1076 suas
1234 1005 1470 1102 probandas),
1492 1009 1538 1080 ab
1560 1009 1683 1107 aliquo

89 1136 302 1210 amanuensi
321 1137 489 1209 vitiatum
512 1162 608 1224 esse,
633 1137 786 1234 proinde
811 1136 848 1208 in
872 1136 1137 1235 praeiudicium
1163 1136 1300 1210 codicis
1322 1138 1539 1237 antiquioris
1558 1142 1682 1214 vocari

88 1297 160 1342 non
186 1295 309 1369 posse.
337 1269 530 1342 Assemani
550 1269 702 1369 proinde
728 1282 790 1342 aut
816 1295 889 1341 non
913 1269 1102 1342 debuisset
1125 1269 1178 1342 uti
1198 1270 1323 1342 codice
1347 1270 1422 1354 illo,
1446 1286 1509 1346 aut
1527 1273 1680 1372 probare

88 1403 276 1476 debuisset
302 1403 526 1475 dillcrentias
549 1403 687 1475 codicis
709 1402 818 1474 huius
838 1403 994 1475 auctorit
997 1415 1055 1475 ate
1075 1402 1250 1475 historica
1270 1428 1407 1488 carere,
1423 1405 1520 1503 quod
1539 1419 1619 1478 tant
1620 1431 1681 1479 um

88 1537 206 1622 abest,
224 1548 265 1609 ut
280 1562 324 1608 ex
342 1536 421 1656 ipsa
442 1536 509 1609 hac
525 1535 727 1609 recentiore
744 1534 909 1634 Martyrii
927 1539 965 1607 S.
985 1534 1166 1607 Simeonis
1182 1535 1360 1634 plurimae
1376 1553 1576 1637 exaggerat
1579 1538 1681 1612 iones

88 1694 304 1768 erroresque
329 1671 393 1740 MS
398 1668 555 1768 corrigi
580 1668 736 1768 possint,
755 1669 850 1741 sicut
875 1667 968 1740 inira
986 1667 1216 1767 probabitur.

162 1803 281 1875 Etiam
298 1804 453 1874 Amrus¹
474 1802 570 1876 diem
590 1802 817 1901 martyriiS.
841 1801 1136 1874 Simeonisdiem
1155 1802 1348 1900 l3Aprilis
1370 1805 1455 1875 anni
1479 1806 1551 1876 666
1572 1804 1679 1886 dieit;

88 1936 272 2009 consentit
296 1937 419 2034 itaque
439 1961 521 2009 cum
538 1935 808 2034 computatione
829 1937 918 2022 MS,
938 1938 1125 2031 Quaenam
1147 1947 1269 2007 autem
1286 1937 1603 2035 computationem
1627 1937 1677 2010 di-

86 2094 276 2141 versarum
290 2069 434 2142 veritati
453 2068 616 2167 proxime
636 2069 787 2141 accedat
802 2093 847 2140 ex
862 2067 1008 2166 scriptis
1024 2067 1223 2166 Aphraatis
1243 2082 1468 2167 compertum
1491 2071 1680 2144 habemus.

162 2302 198 2373 6.
218 2303 350 2372 Notum
368 2313 424 2373 est
438 2300 662 2399 Aphraatem
674 2332 689 2366 α
702 2298 1042 2372 Demonstrationes
1060 2329 1077 2365 s
1101 2324 1188 2372 suas
1204 2299 1240 2372 in
1258 2300 1349 2373 duas
1365 2301 1528 2376 dividere
1545 2315 1681 2402 partes,

87 2459 156 2531 pra
180 2447 356 2532 tempore,
384 2459 457 2532 quo
484 2433 566 2506 illas
596 2432 770 2506 exaravit.
800 2432 957 2506 Primam
980 2446 1122 2532 partem
1152 2433 1506 2507 demonstrationum
1536 2461 1683 2508 suarum

88 2568 174 2662 (1-x)
197 2592 236 2638 se
256 2592 352 2638 anno
370 2567 442 2639 648
465 2567 716 2664 composuisse
737 2566 839 2642 dicit.
859 2569 899 2638 ln
923 2566 995 2639 fine
1015 2569 1120 2638 Dcm.
1138 2565 1289 2639 ultimae
1313 2568 1357 2640 de
1380 2595 1397 2637 e
1420 2568 1537 2641 Acina
1563 2601 1579 2635 s
1605 2569 1680 2642 ait:

87 2705 186 2771 Hanc
201 2703 263 2772 tibi
276 2703 453 2794 epistolam
470 2726 581 2772 mense
594 2704 642 2771 At
659 2703 783 2795 scripsi
796 2703 883 2771 areni
896 2705 969 2774 656
980 2703 1185 2783 Aleoeaadri,
1201 2700 1335 2798 quibus
1351 2700 1473 2773 verbis
1488 2702 1684 2774 terminum

88 2832 258 2904 ultimum
282 2833 431 2919 indicat,
451 2858 523 2930 quo
547 2833 888 2906 Demonstrationes
910 2832 1134 2930 compositae
1155 2847 1253 2905 sunt.
1273 2835 1379 2905 Dem.
1404 2860 1493 2921 xxu,
1517 2835 1564 2905 22
1588 2837 1683 2926 (ver-

89 2991 156 3037 sus
173 2965 292 3058 finem)
309 2965 398 3039 dicit
416 2993 423 3036 :
442 2970 617 3038 Sermones
640 2969 718 3038 iilos
739 2968 868 3060 aipinti
885 2969 968 3037 daos
990 2968 1035 3037 ad
1058 2968 1210 3037 ordinem
1228 2968 1356 3058 viginti
1379 2968 1526 3038 duarum
1552 2969 1686 3039 littera-

88 3124 169 3170 rum
198 3102 378 3194 composui.
402 3105 518 3171 Decem
545 3103 677 3195 priores
707 3103 853 3171 exaravi
881 3125 972 3170 anae
1001 3101 1242 3171 sexcentesima
1278 3102 1539 3193 quadragesima
1574 3114 1687 3172 actaea

88 3236 192 3325 regni
208 3235 402 3305 Ateoeamtri
418 3235 488 3328 filii
511 3236 665 3327 Ptitippt
689 3235 889 3318 Macedonis,
905 3246 1010 3326 preat
1032 3235 1069 3303 in
1094 3236 1244 3326 ipsoram
1272 3236 1341 3326 fine
1360 3235 1586 3327 subscriptam
1606 3247 1654 3305 est
1675 3263 1684 3305 :

89 3368 266 3437 duodecim
286 3379 399 3438 autem
426 3369 508 3439 illas
534 3370 732 3461 posteriores
754 3391 846 3438 anno
871 3367 1112 3438 sescentesimo
1142 3368 1425 3459 quinquagesimo
1449 3368 1566 3460 quinta
1589 3371 1688 3460 requi

90 3503 295 3571 Graecarum
315 3514 347 3571 et
364 3505 593 3572 Romanoram
612 3503 739 3572 scilicet
762 3502 863 3592 requi
878 3500 1072 3572 Alcmandri
1090 3511 1121 3569 et
1137 3522 1229 3570 anna
1249 3500 1423 3592 trigesimo
1443 3504 1560 3593 quinta
1578 3502 1687 3593 Sapo-

88 3634 156 3702 ris.
180 3631 296 3731 lgitur
312 3632 510 3704 secundam
530 3647 670 3730 partem
681 3633 803 3730 operis
821 3633 949 3705 eodem
965 3657 1060 3704 anno
1076 3630 1338 3729 exaravitque
1354 3631 1455 3704 iuxta
1472 3633 1549 3718 MS,
1570 3635 1605 3704 S.
1631 3632 1686 3704 Si-

91 3789 202 3837 meon
221 3765 365 3838 oceisus
385 3777 454 3838 est.
471 3768 511 3838 ln
527 3766 642 3863 prima
662 3764 891 3838 collectionis
911 3776 1012 3865 parte
1033 3777 1131 3837 certe
1152 3789 1225 3837 non
1245 3763 1364 3862 potuit
1384 3763 1503 3836 adhuc
1522 3764 1622 3862 loqui
1643 3765 1687 3836 de

88 3899 366 3996 persecutione,
396 3899 432 3970 in
468 3900 583 3971 altera
613 3913 735 3971 tamen
765 3898 918 3972 eandem
949 3897 1119 3995 explicite
1156 3909 1416 3973 commemorat
1454 3910 1490 3968 ct
1524 3897 1688 3970 eiusdem

90 4030 203 4103 etiam
223 4031 499 4130 chronologiam
520 4031 668 4104 exbibet
688 4032 725 4104 in
744 4033 816 4104 fine
837 4030 1016 4104 Homiliae
1038 4031 1082 4102 de
1107 4029 1238 4115 ricino,
1262 4029 1326 4101 ubi
1347 4030 1414 4102 hac
1436 4030 1481 4102 dc
1502 4055 1540 4101 re
1561 4031 1613 4102 sic
1633 4030 1689 4102 lo-

90 4162 246 4262 quitur:

167 4301 297 4392 Scripsi
323 4301 385 4369 tibi
409 4302 583 4393 epistolam
605 4303 704 4383 banc,
727 4301 913 4383 carissime,
937 4323 1048 4369 meme
1071 4300 1120 4370 Ab
1145 4322 1236 4368 anna
1263 4301 1335 4371 656
1365 4299 1464 4390 reqai
1481 4297 1683 4380 Alema-adri,

88 4433 162 4525 filii
186 4433 341 4525 Philippi
361 4435 551 4504 Macedonis
566 4446 599 4504 et
617 4457 708 4503 aaaa
730 4437 779 4506 36
802 4434 941 4525 Saporis
964 4435 1055 4525 repis
1071 4455 1202 4525 persae,
1227 4432 1288 4524 qai
1312 4432 1391 4522 feeit
1406 4431 1682 4522 persecutionem,

89 4590 185 4636 anna
208 4568 326 4659 quinto
346 4578 525 4660 postquam
544 4567 702 4637 ecclesiae
725 4568 860 4637 diratae
881 4578 972 4649 suat,
996 4590 1087 4636 anno
1114 4590 1177 4658 qao
1200 4565 1315 4635 caedes
1340 4586 1468 4655 magna
1494 4575 1686 4656 martyram

87 4705 184 4791 sacta
198 4711 246 4769 est
265 4701 303 4768 in
325 4711 414 4769 terra
435 4701 596 4777 Orientis,
609 4712 788 4792 postquam
809 4700 890 4769 baec
909 4723 983 4768 xxn
1000 4701 1113 4792 capita
1130 4700 1234 4769 iuxta
1250 4699 1381 4768 litteras
1402 4700 1583 4788 ecnrpasita
1600 4698 1688 4766 alte-

88 4857 170 4903 rum
186 4845 263 4925 past
282 4834 428 4903 atteram
449 4835 593 4903 escarari
605 4834 632 4900 ².

169 4965 261 5037 llinc
281 4964 378 5036 clare
399 4967 565 5062 sequitur
584 4964 807 5061 Aplrraatem
828 4964 920 5036 duos
938 4976 1090 5035 eventus
1106 4962 1357 5061 distinguere:

170 5098 202 5167 l⁰
222 5096 330 5170 dirut
305 5111 442 5170 tranem
459 5097 708 5183 ecclesiarum,
732 5121 824 5195 quae
841 5097 937 5169 facta
952 5107 1009 5168 est
1028 5120 1123 5168 anno
1143 5095 1210 5167 651
1234 5097 1474 5177 Graecorum;

163 5231 201 5301 2⁰
220 5231 361 5304 cladem
376 5256 548 5329 magnam
562 5243 797 5330 stragemque
814 5255 891 5301 mar
892 5242 1026 5328 ty,rum
1045 5252 1137 5326 quae
1156 5228 1229 5300 lact
1215 5239 1322 5301 taest
1338 5252 1434 5299 anno
1453 5226 1538 5298 656

151 5461 160 5498 ⁴
179 5460 361 5535 Gismondi‚
381 5482 433 5543 op.
452 5464 518 5534 cit,
539 5466 574 5521 ta
591 5463 661 5540 (11).

150 5567 162 5605 ²
178 5567 284 5629 Verba
299 5567 376 5630 citat
388 5568 483 5630 etiam
501 5567 663 5650 Georgius
676 5563 817 5628 Arabum
833 5567 1015 5650 episcopus,
1030 5564 1094 5628 vid.
1111 5564 1196 5648 apud
1212 5563 1349 5648 Farget‚
1367 5563 1416 5627 De
1431 5566 1494 5626 rita
1509 5576 1539 5624 et
1553 5563 1685 5643 scrr'ptis

81 5675 284 5758 Apdraatis,
304 5673 446 5748 baronii,
470 5677 557 5748 1882,
575 5695 607 5756 p.
627 5679 673 5735 17.
