3884 6316
277 377 339 434 670
821 367 1066 434 PRAEFATIO
1090 368 1289 435 -CAPUT
1314 371 1338 432 l.

352 559 444 630 Acta
467 560 581 658 igitur
597 561 634 630 S.
654 556 751 629 Mitis
771 583 843 630 non
868 559 1066 657 loquuntur
1087 559 1132 631 de
1156 560 1386 658 negligentia
1410 560 1567 658 simplici
1583 564 1716 659 Papae,
1741 561 1805 633 sed
1829 560 1876 633 de

279 718 420 765 summa
446 691 525 765 eius
558 690 796 790 perversitate
826 704 935 790 atque
965 692 1133 765 elatione.
1168 696 1323 764 Scenam
1352 693 1460 765 etiam
1489 693 1653 791 percussi
1684 692 1875 793 Evangelii

279 825 384 898 aliter
406 824 635 909 describunt;
659 849 742 896 nam
762 822 874 896 verba
897 827 1017 923 Papae
1044 852 1051 895 :
1077 857 1094 892 «
1123 824 1273 923 loquere
1294 825 1548 924 Evangelium,
1575 825 1725 924 loquere
1751 855 1768 895 1
1790 826 1874 899 illu-

279 959 399 1031 dentis
422 971 520 1045 sunt,
549 957 645 1055 apud
669 955 939 1030 Barbebraeum
958 983 1044 1031 vero
1069 957 1358 1031 exacerbationis
1379 958 1538 1056 speciem
1561 984 1648 1057 prae
1673 985 1711 1032 se
1738 959 1871 1032 lerunt.

279 1092 380 1164 Licet
399 1090 552 1163 inferius
576 1090 812 1163 ostendamus
839 1090 1094 1164 collectionem
1115 1091 1161 1163 ab
1183 1091 1376 1163 Assemani
1397 1092 1532 1163 editam
1552 1104 1660 1189 atque
1679 1091 1723 1164 ab
1740 1117 1783 1166 eo
1799 1095 1872 1164 Ma·

280 1238 382 1297 rutae
405 1224 617 1296 attributam
637 1223 710 1295 iam
730 1223 839 1295 etiam
854 1235 938 1296 ante
955 1223 1214 1323 Iezdegerdem
1236 1226 1517 1322 (consequenter
1535 1237 1620 1298 ante
1636 1251 1770 1298 annum
1790 1226 1873 1318 399)

280 1358 452 1457 scriptam
468 1382 564 1442 esse,
587 1355 694 1429 simul
715 1357 951 1429 ostendemus
970 1369 1158 1430 auctorem
1174 1357 1338 1429 eiusdem
1354 1382 1420 1428 nec
1437 1357 1620 1430 hominem
1637 1358 1785 1444 serium,
1809 1383 1874 1430 nec

279 1489 371 1563 bene
391 1490 626 1562 informatum
640 1489 685 1561 de
702 1487 811 1562 rebus
828 1514 902 1562 ase
916 1489 1062 1562 traditis
1079 1488 1203 1561 luisse.
1224 1491 1318 1562 Acta
1338 1489 1516 1587 imprimis
1532 1490 1628 1562 Milis
1645 1489 1759 1563 multa
1777 1489 1875 1563 sabu-

152 1671 154 1674 .
279 1622 357 1696 losa
378 1622 564 1695 continent
583 1635 691 1720 atque
711 1633 837 1694 carent
855 1621 941 1694 dato
957 1620 1065 1694 solito
1091 1622 1175 1693 anni
1199 1622 1382 1720 martyrii3
1401 1621 1590 1721 probabile
1612 1636 1668 1695 est
1686 1648 1729 1695 ea
1751 1623 1876 1695 collec-

279 1754 369 1827 tioni
396 1757 571 1827 Actorum
600 1779 644 1827 ex
666 1754 736 1826 alia
762 1754 920 1853 quadam
950 1754 1166 1828 collectione
1193 1754 1334 1828 minore
1358 1755 1497 1828 inserta
1527 1755 1654 1837 fuisse,
1677 1781 1771 1853 quae
1798 1770 1876 1829 acta

279 1888 349 1960 tria
365 1887 589 1960 continuisse
603 1886 769 1960 videtur:
792 1889 825 1984 1)
840 1887 950 1975 Μ1113,
967 1888 1003 1982 2)
1018 1886 1230 1974 Barsabiae,
1250 1889 1284 1976 3)
1302 1888 1465 1960 Danielis
1483 1901 1518 1960 et
1533 1888 1710 1973 Wardae,
1733 1889 1875 1986 quaein

185 2033 192 2048 ·
280 2046 323 2093 30
348 2020 567 2093 conveniunt
591 2020 689 2119 quod
709 2045 824 2093 annos
845 2020 975 2093 mortis
1003 2033 1205 2119 martyrum
1230 2020 1360 2093 horum
1387 2020 1516 2093 eodem
1538 2022 1647 2093 modo
1672 2034 1874 2106 numerent,

280 2153 386 2225 Miles
411 2152 552 2226 scilicet
570 2152 711 2225 nullum
737 2154 862 2225 datum
881 2153 1006 2239 babet,
1028 2153 1208 2226 Barsabia
1234 2185 1250 2218 «
1276 2153 1405 2226 eodem
1429 2165 1592 2252 tempore
1613 2179 1684 2252 quo
1708 2157 1746 2226 S.
1772 2154 1877 2225 Miles

280 2287 423 2359 occisus
437 2299 493 2358 est
507 2314 538 2370 1,
558 2284 687 2357 Daniel
701 2311 788 2359 vero
805 2286 912 2358 annis
930 2284 1073 2359 duobus
1087 2300 1171 2385 post
1188 2286 1311 2358 Milem
1326 2311 1458 2384 passus
1475 2311 1557 2358 esse
1573 2287 1720 2368 dicitur,
1738 2286 1877 2358 omnia·

280 2445 349 2517 que
368 2419 438 2491 tria
456 2418 632 2517 martyria
650 2418 688 2490 in
708 2419 858 2492 Perside
885 2419 1057 2491 interiore
1079 2419 1264 2491 eveniunt.
1293 2419 1385 2491 Hinc
1408 2417 1597 2518 probabile
1618 2419 1763 2491 videtur
1785 2419 1879 2491 Acta

280 2552 378 2624 Milis
393 2552 430 2624 in
445 2551 594 2624 Perside
611 2577 632 2624 a
650 2552 807 2649 quodam
827 2564 975 2624 exarata
1000 2577 1095 2640 esse,
1120 2551 1181 2650 qui
1207 2551 1398 2625 historiam
1422 2552 1553 2650 synodi
1577 2551 1810 2624 Seleucensis
1833 2551 1878 2622 ad

278 2698 450 2774 mentem,
465 2685 518 2758 uti
531 2683 749 2770 videbimus,
768 2683 1023 2784 episcoporum
1034 2709 1225 2783 persarum
1237 2698 1445 2783 corruptam
1460 2685 1658 2757 memoriae
1672 2684 1872 2756 mandavit.

352 2952 386 3024 6.
411 2953 536 3050 Longe
563 2951 669 3023 aliter
689 2951 802 3023 tradit
828 2976 905 3024 rem
930 2953 1121 3050 Agapetus
1151 2951 1346 3049 episcopus
1376 2949 1478 3023 urbis
1504 2952 1572 3022 Bet
1603 2953 1717 3048 Lapat
1746 2949 1783 3021 in
1811 2974 1878 3022 suo

280 3118 447 3165 sermone
472 3093 518 3166 ad
540 3096 618 3165 Mar
642 3093 793 3166 Dediso‘
817 3093 1045 3166 Catholicum
1072 3092 1218 3181 habito,
1247 3092 1392 3191 quando
1420 3090 1582 3190 episcopi
1613 3091 1810 3164 orientales
1838 3091 1877 3162 in

278 3229 685 3320 Markobtu-d-Toyyayc
707 3225 923 3325 congregati
943 3225 1143 3312 catholico,
1166 3225 1229 3323 qni
1249 3224 1521 3297 dissensionum
1545 3223 1877 3296 ecclesiasticarum

279 3371 469 3457 pertaesus
500 3384 539 3431 se
569 3385 589 3431 a
617 3384 766 3432 munere
796 3359 967 3432 abdicare
995 3358 1125 3446 voluit,
1151 3356 1424 3458 persuadebant
1450 3383 1496 3430 ne
1522 3382 1561 3430 se
1591 3356 1875 3454 derelinqueret.

280 3491 430 3564 11311130ι
460 3516 589 3590 nempe
621 3491 812 3564 calumniis
844 3492 1163 3591 suffraganeorum
1193 3516 1342 3563 suorum
1374 3490 1644 3562 circumventus
1674 3515 1695 3561 a
1723 3514 1812 3587 rege
1839 3489 1878 3560 in

280 3648 461 3695 carcerem
487 3637 658 3697 detrusus
686 3639 755 3712 est,
782 3625 844 3698 ubi
873 3624 1006 3697 multas
1036 3649 1231 3697 aerumnas
1261 3639 1297 3696 et
1319 3622 1468 3721 ssagella
1494 3647 1638 3721 quoque
1663 3621 1813 3720 pertulit
1841 3635 1878 3694 et

279 3756 424 3828 demum
445 3782 535 3855 paee
558 3784 640 3830 cum
663 3759 837 3831 Romanis
860 3758 964 3843 inita,
987 3783 1082 3830 anno
1107 3757 1193 3844 422,
1218 3769 1258 3829 ut
1278 3769 1383 3855 putat
1404 3759 1526 3829 Braun
1540 3760 1565 3842 ¹,
1588 3755 1781 3828 restitutus
1804 3769 1875 3838 331,

278 3901 387 3987 atque
408 3915 503 3963 anno
522 3905 651 3988 quarto
668 3891 824 3962 Bahram
844 3891 944 3990 regis
964 3891 1061 3985 (424)
1078 3890 1221 3990 synodo
1242 3890 1280 3961 in
1298 3888 1720 3986 Markabtad-Tayyaye
1739 3886 1879 3958 indicta

278 4046 411 4094 munus
435 4049 541 4095 suum
563 4022 732 4096 abdicare
755 4036 863 4122 atque
884 4024 921 4095 in
941 4023 1204 4096 monasterium
1228 4023 1265 4093 in
1286 4035 1408 4095 monte
1430 4021 1556 4093 Kardu
1573 4021 1683 4092 situm
1704 4019 1877 4092 secedere

276 4154 405 4227 voluit.
425 4158 502 4228 Hoc
522 4157 685 4256 episcopi
704 4156 882 4255 impedire
903 4157 1089 4255 cupientes
1108 4180 1192 4229 eum
1208 4154 1374 4241 orabant,
1392 4167 1432 4226 ut
1450 4153 1641 4226 immemor
1660 4151 1878 4225 iniuriarum

277 4287 314 4358 in
341 4313 407 4360 suo
432 4313 582 4361 munere
606 4301 871 4387 perseveraret.
904 4289 962 4361 Ad
987 4288 1083 4361 hunc
1106 4288 1214 4360 finem
1241 4312 1386 4385 quoque
1417 4286 1656 4359 obtinendum
1685 4287 1878 4384 Agapetus

278 4422 583 4519 Bet-Lapetensis
606 4422 799 4521 episcopus
820 4447 989 4495 sermone
1010 4422 1122 4520 longo
1143 4421 1345 4493 calumnias
1361 4419 1514 4492 Dadiso‘
1531 4418 1651 4491 illatas
1672 4416 1874 4496 refutabat:

277 4566 385 4651 atque
410 4554 506 4627 lacta
533 4555 667 4628 similia
696 4568 861 4654 tempore
890 4558 1029 4651 Papae,
1054 4553 1188 4638 Isaaci‚
1212 4552 1435 4626 Ia¹¹ballahae
1464 4565 1570 4652 gesta
1599 4552 1636 4622 in
1663 4550 1878 4623 memoriam

277 4687 439 4785 synodus
468 4713 644 4761 revocans
673 4689 883 4761 concludit:
909 4713 985 4774 303,
1011 4687 1073 4786 qui
1100 4699 1216 4759 semet
1244 4685 1426 4759 catholico
1451 4709 1656 4784 opposuere
1686 4695 1797 4781 atque
1830 4683 1876 4755 ad

276 4831 399 4915 patres
420 4821 631 4894 Occidentis
653 4820 896 4919 appellavere,
918 4822 1016 4892 viros
1040 4819 1155 4893 fuisse
1176 4819 1366 4905 scelestos
1387 4819 1449 4917 qui
1468 4844 1489 4890 a
1506 4816 1672 4917 patribus
1689 4815 1877 4890 Occiden-

275 4951 324 5021 tis
352 4953 579 5051 depositione
602 4953 706 5053 digni
730 4954 867 5026 inventi
890 4967 992 5041 sunt;
1011 4953 1108 5027 unde
1128 4952 1261 5025 inferre
1278 4952 1440 5050 sategit:
1466 4952 1523 5024 ius
1550 4947 1758 5050 appellandi
1785 4947 1875 5020 abu-

276 5084 394 5154 sivum
418 5111 439 5157 a
463 5087 651 5159 Catlrolico
672 5085 718 5158 ad
738 5099 860 5184 patres
879 5087 1090 5160 Occidentis
1110 5084 1363 5184 abrogandum
1383 5108 1465 5157 esse
1486 5098 1522 5157 et
1542 5082 1635 5155 male
1653 5092 1760 5180 gesta
1779 5080 1876 5153 eius-

276 5217 358 5288 dem
376 5219 516 5316 judicio
545 5218 681 5293 Christi
708 5219 804 5292 iusto
827 5218 1083 5317 relinquenda3
1108 5218 1337 5317 quodetiam
1370 5217 1533 5316 synodus
1556 5214 1730 5300 decrevit,
1762 5226 1874 5311 atque

274 5350 337 5421 tali
358 5351 496 5423 ratione
517 5351 739 5450 separationi
760 5377 781 5424 3
804 5350 1063 5425 communitate
1086 5351 1301 5424 Occidentis
1326 5349 1422 5422 viam
1444 5347 1688 5448 praeparavit.

337 5627 344 5661 ⁴
364 5624 443 5687 Vide
459 5625 577 5701 Braun,
596 5648 648 5708 op.
666 5629 732 5701 cit,
748 5647 781 5708 p.
799 5630 902 5688 til-50.
