3884 6316
132 435 191 493 710
320 493 324 500 ,
657 420 902 486 PRAEFATIO
924 459 964 470 ·-
985 419 1127 486 CAPUT
1149 420 1205 483 lll.

206 617 253 689 36
269 613 432 713 Saporis,
455 649 500 674 =
518 611 602 685 345.
627 615 752 685 Mense
773 610 891 710 Aprili
911 611 1042 684 caedes
1060 634 1195 708 magna
1215 608 1252 681 in
1272 608 1361 682 urbe
1381 608 1691 682 Karka-d-Ledan
1703 611 1727 678 ⁴.

210 751 267 823 10.
289 745 570 844 Addodeniqua
589 745 737 818 tertiam
763 744 881 817 adhuc
902 742 1010 817 aliam
1031 741 1281 816 recensionem
1305 741 1469 841 martyrii
1487 744 1525 815 S.
1550 740 1731 814 Simeonis

133 882 230 981 apud
249 881 401 953 Amrum
428 891 680 952 conservatam
700 902 796 965 esse,
818 877 885 950 sed
907 900 1058 976 prorsus
1078 874 1295 963 fabulosam,
1319 900 1411 973 quae
1436 875 1473 947 in
1493 889 1670 973 quantum
1690 901 1732 949 ex

134 1014 238 1088 initio
253 1013 417 1087 eiusdem
430 1012 476 1085 ab
495 1012 585 1084 Amr
600 1011 712 1084 citato
727 1010 843 1110 liquet
856 1035 876 1082 e
891 1011 1052 1087 secunda
1065 1009 1280 1083 recensione
1294 1008 1472 1107 procedit.
1489 1010 1603 1082 Cuius
1615 1022 1733 1083 trans·

134 1147 307 1221 lationem
322 1149 396 1220 all.
420 1147 459 1219 P.
479 1143 670 1226 Gismondi
683 1143 889 1217 confectam
901 1169 956 1239 op.
977 1147 1035 1217 cit.
1054 1169 1090 1242 p.
1106 1142 1333 1216 9adiicimus
1351 1169 1358 1212 :
1376 1141 1525 1215 Simeon
1542 1141 1732 1214 Barsabd‘i

134 1292 272 1379 martyr
291 1278 445 1352 illustris
463 1277 564 1350 urbis
585 1281 715 1365 Susae,
738 1277 808 1351 etsi
831 1278 944 1350 vitam
964 1277 1038 1349 fere
1059 1275 1203 1375 degerit
1220 1274 1426 1362 Modainae,
1445 1300 1557 1349 senex
1576 1274 1734 1376 insignis

134 1412 372 1501 continentia,
394 1411 530 1511 pietate
557 1437 599 1484 ac
619 1411 874 1484 sanctimonia.
896 1412 1016 1510 Papae
1039 1408 1266 1509 patriarchae
1294 1409 1412 1482 fuerat
1434 1408 1732 1493 archidiaconus,

135 1559 370 1619 consecratus
390 1557 447 1618 est
465 1545 601 1617 invitus
616 1569 713 1617 anno
734 1544 884 1643 Saporis
904 1544 1046 1617 decime
1063 1555 1181 1630 sexto,
1196 1542 1343 1641 quando
1358 1555 1485 1616 exorta
1505 1555 1562 1617 est
1581 1554 1735 1617 conten·

132 1680 184 1752 tio
206 1681 341 1777 Papam
360 1678 455 1752 inter
474 1691 510 1751 et
529 1677 722 1777 episcopos
742 1677 835 1765 eius,
850 1676 912 1750 ille
925 1690 1047 1750 autem
1066 1676 1258 1750 constituit
1268 1701 1351 1749 eum
1363 1675 1433 1748 sibi
1451 1676 1630 1749 vicarium
1650 1676 1734 1749 dum

133 1813 271 1885 viveret
291 1810 361 1884 sibi
381 1823 523 1884 mortuo
546 1836 816 1884 successurum.
840 1796 893 1883 Eo
912 1824 1076 1910 tempore
1100 1835 1165 1882 rex
1191 1812 1386 1883 Persarum
1411 1812 1541 1908 Sapor,
1563 1809 1649 1882 odio
1669 1810 1735 1881 lla-

134 1970 246 2045 grans
267 1945 303 2017 in
323 1944 556 2033 christianos,
574 1944 658 2017 illos
677 1943 831 2017 necabat
857 1957 893 2017 et
916 1944 952 2017 vi
972 1943 1129 2044 cogebat
1149 1968 1253 2016 suam
1279 1942 1496 2042 religionem
1519 1942 1732 2041 suscipere:

137 2077 195 2150 hic
206 2091 328 2150 autem
341 2088 445 2175 pater
459 2101 657 2175 perpessus
677 2090 734 2151 est
743 2076 789 2149 ab
805 2076 869 2151 illo
888 2102 1082 2151 aerumnas
1095 2075 1320 2163 indicibiles,
1337 2100 1420 2148 eum
1434 2075 1615 2174 siquidem
1630 2100 1737 2176 urge-

137 2210 200 2283 bat
225 2214 341 2309 Sapor
360 2223 401 2283 ut
420 2235 553 2309 magus
572 2210 676 2284 fieret
700 2236 742 2283 ac
761 2209 890 2284 fideles
915 2210 961 2283 ad
985 2211 1079 2283 hanc
1098 2209 1322 2309 impietatem
1343 2209 1541 2282 adduceret
1563 2236 1571 2280 :
1594 2208 1737 2282 obstitit

136 2483 265 2551 fuerint.
284 2486 331 2549 Ex
345 2484 452 2547 verbis
466 2500 533 2560 thr
552 2485 796 2567 improbabile
814 2494 864 2547 est
878 2484 932 2568 agi
953 2484 1104 2547 desectis
1120 2483 1355 2567 superstitiosis
1370 2483 1611 2547 Gnosticorum.
1627 2483 1737 2546 Manet

138 2604 287 2657 accurata
303 2591 469 2675 inquisitio
489 2601 650 2654 sectarum
670 2592 815 2668 istarum,
834 2612 915 2676 quae
935 2612 1028 2653 secus
1048 2611 1152 2674 nequa
1170 2590 1255 2674 apud
1271 2590 1500 2674 Ephraemum,
1516 2611 1619 2674 nequa
1635 2590 1668 2652 in
1684 2611 1736 2653 ca·

138 2701 275 2763 ncnibus
297 2698 579 2775 Pseudonicaenis,
597 2718 700 2781 neque
719 2697 795 2761 alibi
815 2698 930 2775 adhuc,
946 2698 978 2760 in
998 2707 1152 2780 quantum
1169 2696 1299 2780 quidem
1314 2697 1469 2774 noverim,
1487 2708 1633 2781 repertae
1648 2707 1732 2761 sunt.

198 2806 207 2844 ⁴
225 2805 433 2869 Manifestum
450 2814 510 2880 est,
527 2824 663 2888 prorsus
681 2804 795 2866 falsam
815 2824 887 2868 esse
905 2804 1177 2888 computationem
1193 2799 1349 2867 Actorum
1366 2803 1436 2867 dies
1456 2805 1566 2867 decem
1581 2825 1600 2865 a
1617 2805 1735 2867 Paras-

138 2933 213 2975 ceve
228 2912 278 2992 (1
295 2914 332 2973 14
343 2910 454 2991 Nisan)
469 2910 509 2972 ad
519 2910 722 2973 Dominicam
735 2911 768 2972 in
778 2911 870 2973 Albis
885 2910 1134 2976 numerantium.
1150 2909 1355 2992 Computatio
1368 2911 1453 2973 enim
1468 2910 1582 2973 caedes
1598 2929 1734 2993 magnae

138 3018 222 3080 valet
235 3016 275 3080 de
290 3036 374 3079 111111
389 3019 448 3078 344
464 3043 501 3072 =
518 3022 574 3079 117
596 3015 842 3079 Sassanidarum
859 3019 896 3096 -l-
920 3023 948 3091 1,
968 3017 1024 3080 sed
1039 3038 1103 3079 11111
1118 3017 1202 3079 valet
1221 3016 1261 3078 de
1275 3037 1359 3080 anno
1374 3021 1444 3079 345.
1462 3017 1529 3079 Hoc
1545 3015 1632 3078 enim
1652 3035 1735 3077 anno

141 3126 177 3186 14
192 3123 292 3186 Nisan
307 3122 429 3184 lunaris
449 3121 560 3185 incidit
573 3123 606 3183 in
624 3121 707 3185 diem
723 3120 873 3206 2Aprilis
890 3132 923 3185 11
937 3123 1031 3185 Dom.
1049 3123 1215 3186 Paschalis
1232 3123 1265 3184 in
1280 3129 1297 3186 7
1311 3122 1395 3185 diem
1410 3120 1543 3205 Aprilis.
1559 3121 1735 3205 Supposito

139 3230 239 3314 igitur
261 3256 273 3285 «
291 3229 422 3292 caedem
438 3249 589 3314 magnam
608 3229 675 3291 »de
692 3250 755 3312 qua
771 3226 952 3313 Aphraates
966 3229 1110 3313 loquitur
1129 3250 1264 3314 eamque
1279 3250 1361 3292 anno
1377 3234 1416 3291 36
1431 3228 1564 3310 Saporis
1579 3226 1735 3290 accidisse

140 3335 237 3398 refert
258 3335 391 3398 eandem
406 3355 479 3397 esse
494 3335 533 3397 de
551 3355 614 3418 qua
633 3332 713 3398 Acta
734 3335 920 3418 loquuntur,
938 3336 1142 3399 manifestum
1161 3337 1222 3399 erit
1241 3356 1410 3398 numerum
1432 3334 1599 3397 denarium
1619 3334 1733 3397 falsum

140 3463 224 3505 esse.
242 3441 323 3504 Hinc
337 3442 450 3525 nequit
463 3441 527 3505 diei
540 3440 650 3504 datum
665 3451 812 3504 exactum
827 3442 946 3505 caedis.

201 3548 321 3611 Eadem
336 3548 444 3610 valent
457 3547 497 3609 de
509 3547 624 3610 diebus
639 3547 866 3630 Martyriorum
884 3570 891 3610 :

266 3654 417 3717 iliardae
430 3691 469 3700 —
484 3673 567 3716 anno
582 3658 600 3714 2
615 3655 860 3737 persecutionis,
876 3655 952 3717 luna
966 3660 984 3716 5
996 3655 1061 3717 Mai

261 3741 458 3825 1111111111-
472 3780 554 3823 anno
567 3765 585 3821 2
600 3761 845 3844 persecutionis,
859 3761 935 3823 luna
950 3766 988 3824 20
1008 3761 1173 3825 Februarii

261 3865 373 3930 Norae
384 3902 424 3913 —
436 3871 550 3929 1111114
565 3868 811 3949 persecutionis,
828 3867 905 3931 luna
919 3873 956 3931 10
969 3867 1160 3930 Novembris

263 3973 320 4036 120
335 3971 524 4053 Martyrum
542 3995 678 4036 -anno
691 3980 709 4036 5
724 3975 969 4057 persecutionis
984 3975 1090 4036 luna6
1109 3971 1230 4057 Aprilis

261 4078 522 4141 Borbe‘tmin-
537 4100 621 4142 anno
634 4086 653 4142 6
667 4081 912 4163 persecutionis,
929 4081 1005 4144 luna
1022 4087 1059 4143 16
1074 4081 1211 4144 Ianuarii

262 4184 375 4246 Iacchi
391 4199 423 4247 et
440 4184 572 4248 Mariae
588 4207 726 4250 —anno
742 4192 759 4249 7
774 4188 1019 4270 persecutionis,
1033 4187 1108 4248 luna
1125 4193 1160 4250 17
1176 4187 1283 4250 Martii

155 4371 157 4375 ¹
268 4289 406 4353 Theclae
420 4305 451 4358 et
469 4292 642 4355 Sociarum
658 4330 697 4341 -
711 4314 793 4356 anno
809 4299 827 4357 7
842 4295 1085 4377 persecutionis,
1103 4294 1178 4355 luna
1192 4299 1211 4354 c
1225 4292 1317 4355 lunii.

204 4396 352 4460 Neseitur
364 4398 447 4459 enim
463 4420 482 4460 a
497 4420 635 4482 quonam
648 4420 758 4462 mense
775 4409 940 4483 computet
956 4427 969 4456 «
989 4401 1113 4462 initium
1131 4398 1365 4482 persecutionis
1380 4408 1508 4461 nostrae
1526 4425 1539 4456 1
1559 4419 1578 4460 a
1592 4418 1656 4482 quo
1672 4407 1737 4461 tota

144 4523 196 4564 111
220 4502 349 4585 pendet.
371 4503 458 4566 ldem
481 4505 566 4569 valet
586 4506 625 4568 de
646 4508 884 4590 computatione
907 4507 1011 4569 lunari
1035 4507 1194 4569 datorum.
1220 4505 1285 4568 Res
1311 4506 1395 4567 enim
1422 4526 1556 4589 prorsus
1583 4504 1679 4567 aliter
1703 4525 1736 4566 se

144 4608 250 4684 habet,
272 4608 300 4670 si
318 4609 358 4671 de
378 4631 460 4673 anno
482 4611 585 4673 lunari
609 4613 727 4698 agitur,
752 4635 815 4697 quo
835 4614 868 4675 in
889 4635 967 4676 casu
990 4613 1078 4676 iuxta
1098 4612 1361 4676 consuetudinem
1382 4611 1571 4675 ludaeorum
1592 4610 1735 4695 quolibet.

144 4734 226 4776 anno
241 4716 336 4778 tertio
351 4717 472 4779 mensis
487 4717 686 4781 intercalaris
702 4720 932 4804 supponendus
945 4729 1010 4796 est;
1028 4720 1088 4782 hac
1107 4729 1214 4782 autem
1228 4719 1350 4782 ratione
1365 4728 1433 4781 1111
1448 4717 1628 4780 numeratio
1643 4738 1737 4801 pror-

146 4841 202 4882 sus
222 4821 284 4883 alia
302 4822 418 4886 evadit.
432 4821 513 4887 Acta
526 4826 648 4909 reliqua
666 4826 738 4889 inde
751 4828 792 4889 ab
807 4848 889 4890 anno
907 4832 942 4890 17
962 4827 1197 4910 persecutionis
1212 4847 1274 4888 non
1291 4836 1366 4889 sunt
1382 4825 1564 4888 reducenda
1578 4825 1624 4887 uti
1639 4845 1738 4908 supra

145 4927 355 4991 ostendimus.
380 4930 460 4993 Acta
479 4930 616 5014 denique
639 4933 736 5007 Mitis,
764 4933 920 4996 Barsabia
937 4943 970 4997 et
991 4933 1132 4999 Wardae
1153 4933 1248 4995 aliam
1272 4941 1450 5015 sequuntur
1470 4931 1736 5004 numerationem,

145 5053 257 5095 ornnes
274 5035 360 5096 enim
380 5037 420 5098 ab
440 5057 523 5098 anno
541 5039 653 5101 mortis
674 5039 707 5102 S.
725 5040 813 5102 Milis
832 5049 1073 5124 computantur3
1091 5040 1165 5102 hinc
1181 5040 1339 5121 suspicari
1360 5048 1467 5121 potest
1479 5059 1516 5100 ea
1537 5058 1578 5100 ex
1593 5036 1739 5099 1111111-

144 5137 280 5201 lectione
295 5161 313 5201 a
329 5141 580 5226 11111111111115Ι
599 5166 675 5208 suae
690 5146 811 5208 inserta
828 5167 910 5222 esse,
929 5147 983 5231 qui
999 5167 1071 5209 cum
1086 5146 1171 5209 diem
1187 5146 1293 5208 obitus
1311 5165 1422 5208 eorum
1437 5163 1549 5206 eruere
1568 5143 1662 5206 aliter
1676 5163 1740 5205 non

145 5253 267 5327 posset,
289 5266 390 5310 annos
411 5249 518 5311 caedis
538 5271 648 5312 acrum
668 5273 686 5313 a
708 5262 811 5315 morte
828 5253 861 5315 S.
879 5253 967 5315 Milis
981 5262 1156 5336 computat,
1177 5253 1268 5314 cuius
1287 5252 1394 5315 obitus
1418 5271 1501 5335 vago
1522 5250 1620 5313 nimis
1643 5249 1740 5312 modo

145 5351 296 5414 statuitur
316 5374 361 5416 sc.
386 5361 421 5416 13
441 5356 535 5418 lunae
553 5357 744 5421 Novembris
763 5358 819 5421 sed
837 5360 959 5442 absque
974 5360 1039 5422 ullo
1056 5359 1141 5421 dato.
1158 5358 1327 5420 Assamani
1343 5368 1478 5421 mortem
1494 5358 1563 5420 eius
1584 5356 1654 5419 sine
1675 5355 1741 5418 ulla

145 5456 254 5520 addita
273 5460 396 5522 ratione
416 5460 455 5523 ad
475 5483 593 5524 annum
611 5468 667 5526 341
690 5465 810 5548 ineptia
824 5466 926 5548 ponit,
944 5465 1000 5528 sed
1021 5465 1224 5529 manifestum
1240 5474 1300 5540 est,
1317 5464 1379 5526 hcc
1398 5474 1521 5527 tantum
1541 5485 1558 5526 1
1578 5463 1741 5547 positione

144 5563 298 5628 Actorum
318 5567 350 5628 in
372 5568 558 5633 collectione
581 5572 727 5634 concludi
750 5592 858 5655 posse,
876 5593 958 5657 quae
978 5572 1140 5636 conclusio
1159 5582 1304 5656 spectata
1320 5571 1496 5635 redactoris
1516 5570 1587 5654 MS,
1604 5591 1742 5655 prorsus

144 5681 263 5734 incerta
276 5682 336 5736 est.
