3884 6316
228 434 507 501 SCRIPTORUM
530 432 797 534 TESTIMONlA
817 434 874 497 DE
898 432 1168 498 BARDESANIS
1190 432 1303 511 VITA,
1329 436 1533 501 SCRIPTIS.
1624 443 1685 501 506

81 620 184 691 tione
199 617 339 690 mundi.
359 621 450 689 Nam
464 617 563 688 iuxta
578 617 804 714 Scripturam
822 643 830 686 ι
850 644 868 685 a
888 615 1046 712 Spiritus
1063 616 1130 688 Dei
1147 614 1381 688 incumbebat
1396 643 1506 715 super
1522 642 1679 716 aquas...

86 755 348 852 Congregatae
373 764 458 823 sunt
477 773 595 848 aquae
613 762 650 822 et
674 749 842 846 apparuit
866 748 977 821 arida.
1012 751 1057 830 Et
1079 749 1223 822 vocavit
1246 751 1346 822 Deus
1370 750 1509 823 aridam
1533 755 1684 824 Terram

82 885 469 986 congregationesque
500 906 677 981 aquarum
706 882 902 980 appellavit
930 882 1062 954 maria*
1096 910 1128 956 ι.
1159 883 1320 982 Fingunt
1352 884 1612 958 Bardesanitae
1646 887 1685 957 in

82 1019 232 1118 hymnis
254 1019 331 1090 suis
354 1017 530 1116 Spiritum
550 1016 768 1114 produxisse
790 1028 923 1088 terram
947 1028 983 1088 ει
1002 1040 1134 1113 aquam
1158 1029 1241 1114 post
1268 1016 1540 1090 incubationem
1566 1044 1681 1105 suam,

83 1165 121 1224 et
147 1178 187 1224 se
213 1151 375 1249 pinxisse
398 1150 434 1221 in
460 1147 609 1248 speculo
629 1173 805 1247 aquarum
827 1173 920 1247 quae
945 1148 1013 1221 suh
1036 1148 1098 1220 illo
1122 1161 1238 1221 erant.
1263 1149 1472 1223 Verisimile
1497 1164 1555 1224 est
1574 1151 1684 1224 etiam

83 1289 123 1358 S.
154 1284 312 1383 Ephrem
340 1282 551 1356 confudisse
584 1285 752 1376 Spiritum
785 1284 959 1354 Sanctum
990 1306 1072 1354 curn
1098 1285 1223 1377 spiritu
1259 1307 1323 1355 seu
1351 1296 1474 1369 vento,
1502 1284 1683 1358 elemento

82 1418 226 1491 seilicet
252 1417 489 1490 constitutivo
516 1415 641 1488 mundi
667 1414 727 1506 (cl.
751 1440 857 1510 supro
880 1415 950 1487 532
975 1417 1017 1497 E,
1043 1439 1124 1486 cum
1151 1427 1238 1486 nota
1265 1415 1313 1510 2).
1336 1459 1386 1470 —-
1407 1416 1600 1490 Difficilius
1628 1432 1684 1491 est

81 1551 316 1650 interpretari
344 1549 453 1621 finem
483 1549 581 1620 illius
605 1560 740 1620 textus.
766 1553 795 1643 c)
822 1548 912 1648 Agit
938 1548 982 1620 de
1010 1547 1198 1622 Paradiso.
1231 1550 1285 1620 De
1317 1547 1390 1619 situ
1417 1548 1517 1621 illius
1547 1550 1684 1622 Barde-

81 1709 192 1756 sanes
212 1683 396 1782 propriam
425 1681 576 1780 exponit
603 1680 834 1753 sententiam.
864 1684 916 1753 Ex
941 1694 1112 1754 contextu
1139 1680 1202 1752 ubi
1230 1681 1353 1752 Solet
1384 1685 1485 1753 Luna
1507 1696 1684 1756 vocantur

80 1831 187 1915 pater
214 1830 250 1889 et
278 1829 406 1901 mater,
430 1816 521 1888 haec
550 1812 622 1887 duo
652 1825 750 1886 astra
772 1814 1020 1911 produxerunt
1052 1813 1173 1887 omnia
1203 1814 1239 1884 in
1269 1815 1456 1887 Paradiso.
1489 1816 1556 1919 (Cf.
1588 1820 1683 1910 iufra

79 1979 117 2049 p.
143 1950 339 2044 525-526.)

155 2081 320 2155 Tandem
333 2082 562 2154 Bardesanes
577 2080 797 2178 peculiarem
813 2079 1021 2179 opinionem
1036 2080 1164 2153 babuit
1178 2080 1221 2154 de
1239 2081 1504 2154 resurrectione
1518 2083 1682 2180 corporis

78 2230 116 2290 et
138 2216 183 2289 de
204 2229 335 2288 natura
354 2215 509 2286 animae.

156 2349 1682 2451 P·438C=u2t'no=tmt·r⁵qr2;›»m÷³xet=6am³=tu.e÷r32et.ia.rt-sps..sun

157 2577 336 2669 Quantum
351 2604 430 2673 erqo
444 2581 571 2651 invidit
585 2581 746 2652 Diabolus
764 2581 951 2672 incorpore
969 2582 1191 2663 Burdesouis,
1209 2593 1247 2651 ut
1266 2582 1337 2673 ipae
1352 2604 1413 2652 aue
1430 2605 1486 2651 ore
1504 2583 1571 2651 sibi
1579 2604 1680 2674 prae·

76 2715 206 2785 rideret
224 2737 332 2807 spem,
357 2714 606 2807 dimidiumque
624 2716 681 2784 sui
700 2710 915 2806 infamaret?
932 2716 1104 2805 linquam
1124 2713 1269 2798 emeruit,
1291 2725 1328 2784 ut
1345 2737 1444 2783 suom
1467 2715 1680 2820 resurreetio-

77 2872 158 2918 nem
177 2850 340 2919 eiuraret.

157 2981 198 3051 P.
222 2980 292 3050 553
313 2980 340 3050 F
363 3006 371 3048 t
392 2982 679 3053 meum-stt
697 2985 1021 3060 οιὶκὲοὲιὶϋάιιὶῥ

156 3114 304 3205 Corpora
319 3114 487 3184 uostroob
501 3137 553 3197 ee,
571 3115 658 3206 quod
674 3115 805 3185 molum
815 3115 1028 3206 principium
1041 3114 1231 3206 appellant,
1251 3124 1423 3206 compacto
1438 3117 1544 3206 [trisse
1563 3114 1680 3184 docue-

74 3258 177 3330 runt,
203 3259 330 3338 nequet
349 3258 462 3317 cutem
486 3271 527 3317 eo
547 3258 625 3339 pest
647 3271 763 3318 casum
784 3249 972 3340 aliquande
996 3259 1248 3329 resurrecturo,·
1266 3247 1385 3316 auimo
1409 3270 1482 3316 rere
1510 3271 1531 3315 o
1555 3258 1679 3339 reptem

74 3382 227 3451 existere
246 3392 277 3450 et
293 3380 447 3472 produci.

154 3513 196 3583 Ρ·
220 3513 288 3583 55¹
307 3514 336 3583 Β
358 3539 366 3582 ²
386 3539 434 3604 „u
455 3531 549 3599 taut
570 3533 629 3611 §a
647 3535 668 3604 ι
687 3531 739 3606 ,ιι
759 3540 842 3603 atr-se
864 3530 1003 3596 -usntnt
1021 3530 1127 3606 ,teth
1143 3540 1180 3602 2³·
1204 3532 1309 3610 ,tta
1326 3548 1378 3614 u»
1397 3539 1444 3605 »ἀι
1467 3533 1487 3602 ι.
1509 3542 1596 3612 eru>
1615 3540 1680 3587 aar

506 3648 620 3713 xum
633 3646 714 3711 ὼιῑ
727 3655 801 3719 matr
813 3645 865 3720 «kl
878 3650 998 3725 urus,
1006 3656 1063 3718 eut
1079 3673 1086 3704 τ
1101 3647 1187 3711 olm
1200 3646 1278 3718 ΜΞ
1295 3647 1382 3718 ώεὲ
1396 3647 1433 3709 ὦ
1446 3647 1496 3724 iat
1506 3655 1554 3720 ⁴⁵1
1568 3645 1608 3719 de
1623 3643 1678 3712 rit:

154 3761 365 3831 Bordesoues
379 3762 491 3831 adbuc
500 3763 707 3853 premendus
724 3773 783 3845 ert,
804 3772 842 3832 ut
860 3765 1021 3853 fateatur,
1047 3762 1214 3831 bominem
1235 3761 1336 3831 rrullo
1354 3785 1400 3830 em
1420 3762 1537 3845 tribus,
1557 3761 1679 3853 quitus

75 3905 225 3977 constat,
250 3895 369 3984 formis
385 3917 483 3985 posse
496 3897 649 3986 privari,
676 3895 957 3987 quemadmodum
980 3918 1039 3964 uec
1058 3895 1135 3986 iqui
1155 3897 1231 3986 quis
1253 3895 1385 3965 adimat
1404 3899 1566 3987 sormam,
1595 3896 1678 3987 quin

75 4030 192 4118 ipsum
213 4029 326 4120 ignem
346 4027 541 4118 emtiuquot,
560 4029 642 4098 odeo
658 4050 787 4098 neeesse
800 4040 850 4099 est
868 4039 1021 4098 constare
1032 4028 1186 4120 portium
1205 4050 1396 4110 numerum,
1415 4028 1496 4097 dum
1512 4029 1584 4097 vito
1603 4052 1679 4097 cou-

73 4171 159 4242 stot,
181 4160 229 4230 sic
248 4162 339 4230 eru'm
359 4183 435 4229 eum
456 4171 585 4230 notura
603 4161 851 4252 coagmentavit
869 4184 917 4231 em
936 4161 1074 4254 triplici,
1099 4171 1136 4230 ut
1156 4161 1246 4243 dimi,
1268 4166 1392 4254 [ormo.

156 4290 323 4363 Notanda
343 4303 400 4363 est
418 4291 508 4363 haec
531 4291 745 4388 compositio
767 4291 926 4363 hominis
946 4317 989 4363 ex
1009 4291 1143 4388 triplici
1163 4291 1290 4365 forma.
1319 4294 1472 4365 Constat
1496 4291 1592 4363 enim
1616 4291 1675 4383 (cl.

75 4429 177 4518 iufra
192 4424 262 4498 col.
284 4425 368 4510 572,
385 4424 409 4495 l.
427 4424 506 4519 7-9)
518 4450 561 4496 ex
577 4424 834 4523 intelligentia,
850 4425 970 4496 anima
985 4436 1020 4496 et
1037 4449 1188 4522 corpore
1204 4428 1287 4517 (1³25,
1303 4436 1369 4495 rm,
1386 4430 1469 4518 ms).
1488 4423 1678 4496 Asseritn'e

76 4558 311 4630 Bardesanes
326 4557 608 4656 intelligentiam
624 4557 740 4630 solam
755 4558 891 4630 directe
906 4583 927 4629 a
941 4559 1019 4629 Deo
1034 4558 1245 4655 procedere,
1260 4558 1345 4630 dum
1361 4558 1480 4629 anima
1496 4570 1532 4629 et
1546 4581 1679 4656 corpus

73 4690 285 4762 formantur
304 4715 325 4762 a
344 4690 501 4788 planetis
518 4702 554 4762 et
573 4715 594 4762 a
616 4690 784 4777 materia,
802 4690 872 4763 hoe
899 4690 1049 4764 innuere
1066 4691 1209 4763 videtur
1230 4694 1267 4763 S.
1297 4690 1469 4787 Ephrem,
1493 4689 1557 4761 sed
1581 4689 1679 4760 illius

71 4833 203 4894 textus
224 4821 431 4922 significare
447 4800 568 4920 potest
588 4835 729 4895 tantum
750 4824 916 4921 planetas
938 4823 1111 4895 inlluxum
1127 4823 1319 4923 quemdam
1336 4822 1468 4895 habere
1485 4822 1523 4894 in
1538 4822 1679 4895 animos

72 4954 139 5046 (cl.
161 4955 230 5027 col.
249 4956 333 5040 572,
355 4956 380 5026 l.
402 4956 481 5051 7-9)
502 4967 539 5029 ει
558 4981 691 5056 corpus
710 4971 877 5030 constare
901 4983 944 5030 ex
964 4957 1074 5028 humo
1099 4970 1134 5030 et
1159 4957 1321 5054 pulvere,
1344 4956 1381 5028 id
1404 4970 1459 5029 est
1478 4981 1523 5028 ex
1542 4956 1679 5028 coadu-

71 5085 228 5160 natione
249 5088 511 5162 elementorum
536 5090 803 5188 primitivorum
822 5116 976 5190 quorum
998 5114 1109 5161 unum
1130 5090 1273 5180 saltem,
1299 5089 1335 5161 id
1358 5101 1414 5162 est
1433 5088 1618 5175 tenebrae,
1639 5089 1680 5161 li·

69 5221 222 5293 bertate
246 5247 312 5294 sua
330 5221 444 5295 utitur
470 5222 517 5295 ad
539 5223 675 5295 malum
694 5223 981 5321 producendum,
1005 5222 1100 5295 unde
1120 5222 1255 5295 malum
1279 5222 1492 5320 simpliciter
1511 5236 1676 5296 vocatur.

69 5358 130 5427 lta
149 5352 338 5444 distinctio
353 5355 446 5428 foret
465 5355 562 5429 inter
575 5357 711 5429 malum
731 5371 767 5430 et
784 5357 1009 5430 daemonem.

160 5663 170 5701 ⁴
189 5664 238 5729 Cf.
256 5665 339 5729 Gen.
356 5687 378 5742 r,
393 5670 423 5743 2,
439 5673 470 5744 9,
489 5673 536 5730 10.
