3884 6316
158 358 218 416 495
697 348 942 417 PRAEFATIO
965 388 1004 399 -
1026 348 1168 416 CAPUT
1192 353 1216 415 Ι.

156 558 271 632 paene
291 532 514 618 haereticos3
537 531 673 631 scripta
698 545 820 604 autem
840 531 902 604 illa
921 531 1121 631 perierunt.
1146 532 1300 630 Scripsit
1324 533 1512 633 dialogum
1531 535 1577 608 de
1597 539 1688 610 Fato
1711 536 1758 609 ad

155 666 393 752 Antoninum,
413 665 504 738 alios
519 690 585 763 pro
601 665 678 737 suis
693 664 885 763 discipulis
900 664 1082 764 dialogos,
1101 678 1138 738 et
1153 665 1288 738 librum
1303 666 1348 739 do
1364 667 1475 741 rebus
1496 667 1634 741 lndicis
1654 670 1757 742 iuxta

155 800 400 872 narrationem
432 799 638 898 legatorum
670 798 866 871 missorum
902 798 948 870 ad
979 797 1274 897 Heliogabalem,
1305 812 1346 873 ut
1381 825 1492 899 supra
1528 802 1752 876 notavimus.

155 932 309 1032 Scripsit
328 933 477 1030 insuper
496 931 543 1004 ad
564 931 804 1004 imitationem
824 930 975 1005 Davidis
1005 932 1106 1029 regis
1131 944 1278 1005 centum
1301 932 1566 1034 quinquaginta
1592 936 1755 1033 psalmos

155 1092 247 1165 quos
267 1066 437 1138 iuventus
458 1066 619 1139 Edessae
644 1089 775 1137 canere
801 1077 1053 1138 consueverat.

228 1203 269 1272 P.
297 1201 366 1271 553
393 1202 419 1271 F
448 1195 1757 1286 :nsaw.nsssanm=1tsnesss=rtaa,2÷t.rttsa,qns=ni,sagu„

154 1337 272 1407 misni
286 1342 394 1415 aab?
407 1337 508 1418 »Aba
523 1341 621 1401 aith»
634 1363 640 1393 t
655 1343 725 1409 aaa}
738 1345 778 1418 tssq
792 1350 857 1417 ,έοξο
871 1341 990 1407 Ιὶ-Ιῶι
1003 1336 1087 1414 *Sal
1101 1337 1226 1408 ttlsshta'n
1239 1345 1324 1403 tien:
1339 1338 1437 1403 tlh-vo
1448 1323 1522 1410 illm
1537 1341 1652 1405 MA&
1663 1340 1755 1407 ..tols

1284 1449 1755 1528 &immolandum

224 1568 317 1638 Fecit
343 1567 466 1659 quippe
494 1567 651 1660 hymnos,
680 1590 797 1659 eosque
825 1564 1118 1636 modulationibus
1146 1571 1279 1660 aptavit
1302 1579 1333 1637 et
1358 1572 1544 1660 composuit
1566 1573 1703 1641 cantica
1722 1583 1753 1641 ct

153 1702 293 1771 inducait
324 1711 431 1770 metro
454 1711 485 1770 ct
511 1702 679 1770 mensuris
704 1701 976 1792 ponderibusque
1002 1701 1168 1771 distinccit
1197 1724 1324 1771 uersus.
1357 1704 1410 1771 ltu
1434 1704 1635 1795 propinavit
1664 1709 1753 1776 sim-

146 1836 295 1927 plicibus
310 1857 475 1904 uenenum
494 1833 672 1905 dulcedine
692 1844 925 1925 temperatum.
941 1835 1079 1924 Acqroti
1092 1836 1215 1926 quippe
1236 1835 1346 1905 cibum
1366 1836 1537 1907 salubrem
1558 1861 1625 1907 non
1646 1839 1753 1930 clepe-

152 1980 244 2038 ruut.
268 1968 429 2042 Davidem
450 1967 579 2037 intueri
597 1968 707 2036 uoluit
725 1977 763 2035 ut
781 1968 854 2036 cius
873 1967 1135 2059 pulchritudine
1158 1979 1343 2039 ornaretur
1360 1980 1392 2038 ct
1409 1970 1639 2041 similitudine
1664 1995 1752 2041 com-

152 2102 379 2172 mendaretur.
404 2102 546 2171 Centum
566 2100 821 2192 quinquaqinta
837 2123 966 2192 quoque
980 2101 1035 2170 bic
1049 2104 1235 2193 composuit
1254 2102 1387 2171 cantico
1401 2101 1425 2173 ².

495 2234 1671 2318 cumaeam-emu-mien›meinamma-amassai,

221 2352 262 2419 ln
278 2352 439 2441 specubus
454 2350 661 2420 Bardesanis
676 2372 768 2419 voces
784 2359 815 2418 et
829 2351 1006 2432 carmina,·
1019 2349 1296 2419 animadvertens
1311 2351 1402 2419 enim
1417 2351 1568 2422 homines
1584 2353 1621 2420 in
1633 2354 1749 2444 primo

147 2484 268 2552 aetatis
298 2483 380 2573 flore
411 2486 554 2553 musices
583 2485 755 2553 suavitate
778 2484 870 2575 cupi,
903 2484 1097 2552 carminum
1128 2494 1289 2553 concentu
1322 2485 1527 2554 iuuentutem
1560 2487 1744 2578 corrupit³.

221 2613 293 2687 Sed
319 2615 356 2686 S.
377 2613 535 2713 Ephrem
558 2614 620 2712 qui
640 2614 755 2686 multa
777 2614 954 2686 adversus
978 2612 1226 2686 Bardesanem
1247 2614 1455 2713 congessit,
1479 2613 1592 2687 verba
1614 2616 1748 2690 adver-

145 2747 232 2818 sarii
253 2747 309 2818 sui
330 2772 402 2818 non
418 2747 665 2845 transcripsit,
686 2746 784 2818 unde
805 2745 993 2843 perierunt
1012 2745 1136 2818 omnia
1158 2746 1320 2819 carmina
1340 2747 1561 2820 Bardesanis
1582 2750 1746 2848 exceptis

144 2880 271 2976 paucis
291 2879 458 2953 versibus
475 2880 568 2952 infra
583 2879 781 2952 recitandis
801 2879 887 2971 (vid.
908 2903 945 2976 p.
969 2879 1053 2963 500,
1073 2879 1156 2965 503,
1176 2880 1273 2974 504).

218 3013 425 3086 Notandum
450 3012 568 3085 adhuc
595 3013 744 3110 insuper
769 3013 804 3084 in
838 3012 930 3085 actis
959 3012 1113 3111 syriacis
1139 3014 1178 3085 S.
1203 3012 1365 3086 Thomae
1390 3013 1545 3086 inveniri
1567 3014 1745 3113 hymnum

142 3146 336 3242 quemdam
356 3145 583 3245 gnosticum,
606 3157 647 3216 ut
666 3145 828 3218 ostendit
848 3144 1085 3218 doctissimus
1102 3143 1325 3231 Noeldelre⁴,
1346 3146 1408 3243 qui
1434 3146 1623 3219 contendit
1643 3147 1745 3246 hym·

143 3304 228 3350 num
252 3279 363 3352 istum
383 3305 404 3351 a
425 3277 633 3351 Bardosane
656 3278 809 3350 forsitan
834 3278 1082 3376 conscriptum
1102 3277 1228 3350 luisse.
1253 3279 1344 3349 Cum
1366 3278 1489 3377 plures
1509 3291 1640 3376 poetae
1665 3281 1742 3380 syri

142 3425 178 3483 et
198 3411 359 3509 gnostici
379 3411 536 3485 existere
552 3411 751 3510 potuerint,
771 3411 861 3484 haec
877 3410 1001 3509 opinio
1023 3410 1216 3483 clarissimi
1236 3410 1305 3485 viri
1325 3423 1404 3484 tuto
1421 3413 1663 3485 demonstrari
1680 3439 1743 3486 ne-

142 3545 237 3642 quit,
255 3546 421 3618 doctrina
442 3545 588 3618 demum
604 3544 826 3617 Bardesanis
842 3570 916 3616 nou
938 3557 994 3616 est
1014 3544 1122 3617 nobis
1142 3545 1366 3618 sufficienter
1386 3558 1472 3618 uota
1493 3558 1534 3618 ut
1553 3547 1741 3643 possimus

141 3677 239 3750 illam
267 3704 348 3751 cum
374 3679 446 3751 alia
472 3704 696 3777 comparare.
720 3721 769 3731 —
792 3678 1036 3776 Caeteroquin
1062 3679 1211 3776 quidam
1240 3678 1403 3751 iuniores
1431 3679 1668 3766 sententiam,
1693 3681 1741 3753 ab

142 3811 390 3884 illustrissimo
420 3811 605 3887 Noeldelre
631 3811 829 3910 prolatam,
860 3812 1092 3910 arripientes,
1123 3811 1214 3883 alios
1241 3811 1397 3910 hymnos
1428 3825 1464 3885 et
1490 3836 1618 3909 preces
1646 3839 1741 3911 qnae

140 3944 178 4017 in
204 3945 296 4016 actis
313 3946 351 4017 S.
375 3945 536 4017 Thomae
560 3944 795 4018 inveniuntur
815 3945 1018 4018 Bardesani
1039 3944 1259 4030 tribuerunt,
1288 3944 1373 4042 quia
1398 3945 1576 4042 quasdam
1596 3948 1741 4045 gnosti-

140 4078 244 4151 cismi
269 4077 443 4151 formulas
463 4079 618 4150 forsitan
638 4079 814 4176 praebere
834 4079 1004 4150 videntur
1017 4082 1043 4148 ⁵.
1704 4172 1707 4179 ¹

214 4215 267 4284 Ex
287 4211 434 4310 scriptis
455 4212 675 4284 Bardesanis
696 4211 932 4284 remanebant
952 4224 1095 4284 tantum
1116 4211 1295 4311 quaedam
1315 4223 1485 4309 excerpta
1510 4211 1556 4283 ab
1577 4212 1742 4287 Eusebio

140 4345 176 4416 in
192 4345 475 4443 praeparatione
494 4345 716 4443 Evangelica
736 4345 890 4418 tradita⁰
912 4358 948 4417 et
967 4345 1042 4418 sive
1066 4345 1103 4416 in
1129 4345 1480 4444 Recognitionibus⁷
1503 4345 1579 4417 sive
1600 4370 1620 4417 a
1643 4348 1739 4418 Cae-

199 4646 394 4728 ⁴Ephracm
423 4646 503 4724 Spri
524 4665 626 4727 opera
654 4648 775 4721 arsitrio,
803 4654 825 4708 t.
851 4644 889 4720 ΙΙ,
914 4644 1046 4719 Romae,
1066 4649 1153 4708 1740.

197 4752 286 4813 ²T11.
308 4751 418 4833 Lamp,
441 4751 474 4814 S.
496 4751 663 4833 Ephraem
688 4752 769 4832 Syri
785 4752 901 4832 hymni
914 4764 945 4813 et
957 4773 1133 4830 sermones,
1156 4762 1180 4814 t.
1200 4750 1240 4827 ll,
1258 4750 1460 4826 Mechliniae,
1484 4755 1571 4824 1882,
1591 4771 1623 4834 p.
1645 4756 1684 4814 66
1705 4762 1739 4814 et

137 4859 562 4941 S.pr1·‹1equ1·topera
578 4861 699 4932 onznia,
718 4869 741 4919 t.
761 4857 815 4932 ΙΙΙ,
833 4857 954 4920 Romae
971 4863 1059 4933 1743,
1076 4879 1109 4940 p.
1126 4863 1176 4920 41.
1464 4850 1470 4862 ’

195 4966 207 5002 ³
225 4963 336 5047 Opera
351 4969 470 5043 omnia,
489 4964 529 5040 ll,
546 4985 577 5047 p.
595 4968 653 5025 439
678 4963 719 5026 Ι).
771 4971 774 4977 ’

195 5071 411 5153 *Zeita-brist
426 5071 485 5133 der
498 5070 682 5133 Deutscben
698 5069 1027 5153 dlorgenlbudiscben
1045 5069 1273 5147 Gesellscbaft,
1290 5081 1313 5134 t.
1333 5071 1433 5145 XXV,
1450 5090 1482 5153 p.
1499 5076 1569 5133 676.
1587 5069 1737 5153 Hymnus

135 5176 187 5238 illc
204 5177 315 5239 deesse
329 5177 454 5239 videtur
469 5178 501 5238 in
516 5177 741 5259 antiquissimo
758 5178 911 5240 Sinaitico
928 5177 1056 5240 Codice.
1079 5177 1128 5240 Cl.
1152 5177 1269 5240 Studia
1288 5180 1459 5256 Sinar'tico,
1473 5187 1497 5240 t.
1514 5177 1569 5252 ΙΧ,
1580 5197 1612 5260 p.
1623 5181 1734 5241 24-25.

194 5285 206 5320 ³
223 5283 316 5345 Thilo
331 5294 363 5347 et
378 5283 504 5357 blache3
522 5284 562 5345 cl.
581 5283 720 5365 Lipsius,
737 5283 798 5346 Dic
813 5285 1024 5367 apoc-rppbcn
1045 5285 1386 5368 Apostelgescbicbten
1403 5283 1472 5346 rand
1485 5282 1735 5368 Apostellegen-

132 5389 205 5460 den,
223 5396 404 5464 1883-1890,
419 5399 442 5452 t.
459 5390 482 5464 l,
500 5411 531 5473 p.
550 5394 697 5452 272-345.

192 5497 204 5533 Ι
220 5495 275 5568 vl,
291 5518 321 5570 x,
343 5502 424 5559 1·28.

191 5603 202 5640 Ι
220 5601 278 5677 ΙΧ,
297 5604 347 5666 ch.
365 5626 433 5680 xrx3
451 5605 492 5668 P.
512 5603 551 5667 G.
568 5614 591 5665 t.
609 5601 633 5677 l,
650 5604 711 5666 col.
730 5607 912 5666 thou-1415.
