3884 6316
588 434 642 495 DE
667 432 997 498 PERSECUTIONE
1021 429 1213 497 SAPORlS.
1639 438 1697 495 697

101 622 202 695 ribus
222 648 241 696 e
266 626 342 720 MS,
364 623 583 722 desumptis,
608 623 700 694 duas
721 646 835 694 novas
859 620 1012 693 addunt.
1036 623 1172 693 Harum
1192 645 1278 693 vcro
1294 621 1422 705 altera,
1445 646 1537 719 quae
1562 646 1697 693 annum

100 755 367 852 persecutionis
394 782 415 828 a
440 755 674 829 crucifixione
703 752 849 827 Domini
876 765 1076 852 computat,
1099 753 1234 825 nullius
1256 753 1430 826 momenti
1455 766 1523 839 cst,
1543 753 1697 852 proinde

101 888 220 961 eidem
244 889 521 987 pertractandae
553 888 854 987 supersedemus3
872 900 987 960 restat
1015 886 1130 986 igitur
1157 911 1275 958 annus
1299 889 1370 960 655
1399 886 1611 975 Alexandri,
1634 887 1696 985 qui

100 1022 228 1119 incipit
247 1021 351 1095 initio
366 1022 527 1095 octobris
542 1023 613 1092 343
630 1035 666 1095 et
680 1022 786 1093 durat
801 1046 917 1118 usque
939 1020 985 1092 ad
1000 1019 1108 1092 finem
1123 1019 1349 1118 Septembris
1365 1019 1449 1091 anni
1464 1021 1549 1090 344.
1564 1022 1617 1091 Ex
1632 1020 1695 1092 illo

101 1168 222 1228 autem
241 1156 363 1241 modo,
383 1182 455 1254 quo
478 1154 620 1228 numeri
647 1155 719 1226 duo
745 1153 886 1252 priores
906 1153 1191 1252 praemittuntur
1216 1165 1251 1226 et
1280 1154 1352 1225 duo
1374 1152 1436 1225 alii
1461 1178 1505 1226 ex
1534 1156 1607 1241 MSl
1629 1155 1695 1226 de-

100 1289 235 1386 sumpti
255 1288 477 1362 adiiciuntur
497 1287 791 1361 concludendum
810 1286 955 1359 videtur
979 1311 1042 1359 eos
1062 1311 1135 1358 uon
1154 1286 1191 1358 in
1209 1285 1331 1384 aliqua
1350 1285 1516 1358 studiosa
1535 1287 1695 1359 calcula-

99 1419 198 1492 tione
214 1419 370 1507 iundari,
395 1422 459 1494 scd
481 1447 525 1494 ex
545 1420 627 1493 aliis
647 1420 814 1493 fontibus
839 1420 1053 1516 desumptos
1074 1444 1168 1492 esse.
1192 1419 1341 1492 Certum
1364 1432 1421 1492 est
1447 1419 1603 1517 denique
1627 1446 1694 1492 nu·

98 1578 219 1626 meros
244 1554 409 1627 diversos
436 1580 614 1626 annorum
636 1553 720 1638 340,
744 1554 906 1639 attuit
929 1577 1002 1624 non
1029 1577 1156 1625 omnes
1182 1577 1289 1624 veros
1313 1578 1408 1639 csse,
1426 1552 1561 1626 veritas
1583 1552 1696 1651 igitur

97 1710 223 1758 eorum
250 1686 397 1759 aliunde
424 1687 641 1760 deducenda
660 1699 729 1760 est.

169 1824 203 1905 ol
220 1822 324 1893 luvat
339 1845 407 1893 nos
424 1820 601 1918 imprimis
621 1819 709 1918 ipsa
728 1819 905 1892 Actorum
920 1819 1094 1905 narrati0,
1111 1843 1202 1916 quae
1219 1818 1401 1891 Gustazad
1416 1818 1623 1891 eunuchum
1643 1819 1696 1892 se-

98 1952 151 2024 ria
180 1953 308 2051 quinta
340 1954 378 2025 in
404 1956 503 2027 Cena
531 1953 677 2026 Domini
707 1967 744 2026 et
772 1953 861 2024 luna
889 1952 1031 2025 decima
1059 1951 1180 2039 tortia,
1207 1954 1242 2024 S.
1274 1952 1481 2024 Simeonem
1515 1976 1603 2024 vero
1636 1952 1694 2025 die

95 2086 279 2184 sequenti,
301 2087 388 2159 luna
407 2086 550 2159 decima
570 2099 712 2184 quarta,
738 2087 797 2158 die
821 2088 1042 2158 Parasceves
1061 2085 1204 2158 occisos
1229 2110 1311 2157 esse
1336 2085 1458 2157 refert.
1480 2084 1568 2157 lude
1594 2098 1695 2185 patet

96 2244 207 2305 ann0,
225 2245 298 2318 quo
319 2223 499 2319 Martyres
528 2219 588 2292 isti
611 2219 724 2292 occisi
749 2231 847 2306 sunt,
874 2219 998 2291 lunam
1019 2218 1196 2292 decimam
1221 2230 1400 2316 quartam,
1427 2219 1544 2290 idest
1572 2219 1693 2291 termi-

96 2378 184 2423 num
200 2352 410 2449 paschalem
426 2353 462 2424 in
482 2356 707 2426 Parasceven
728 2351 901 2425 incidisse
915 2354 940 2423 ⁴.

160 2581 168 2618 ⁴
186 2579 420 2664 Argumentum
437 2592 545 2644 autem
564 2582 624 2644 hoc
640 2581 794 2665 supponit
807 2581 907 2663 Syros
923 2580 1175 2664 Mesopotamiae
1190 2580 1284 2643 modo
1300 2601 1318 2642 a
1335 2580 1457 2662 synodo
1470 2580 1610 2643 Nicaena
1627 2591 1693 2643 sta-

93 2697 164 2749 tuto
186 2688 367 2751 celebrasse
386 2690 502 2750 festum
525 2688 691 2772 paschale.
714 2688 781 2750 Hoc
808 2709 885 2750 vero
905 2696 1028 2750 certum
1050 2708 1113 2750 non
1135 2697 1185 2750 est
1204 2689 1245 2750 G.
1271 2687 1347 2750 Bert
1367 2687 1496 2770 quidem
1518 2687 1550 2749 in
1570 2708 1692 2771 opere:

93 2793 279 2875 Aphraat’a
295 2796 352 2858 des
364 2795 561 2857 Persice-ben
588 2795 714 2860 Weiaen
730 2795 905 2869 Homih'en,
921 2815 983 2855 aas
998 2793 1070 2856 dem
1087 2795 1263 2875 Sprr'scben
1280 2795 1442 2856 riberaetzt
1458 2794 1527 2856 und
1540 2795 1697 2857 erlctutert

97 2900 257 2977 {Gebhart
276 2911 307 2963 et
328 2901 486 2977 Harnach,
519 2901 618 2963 Teate
636 2900 705 2962 und
727 2901 1029 2983 Unterauchuagen,
1045 2900 1108 2962 vol.
1130 2899 1184 2976 lll,
1208 2901 1284 2963 lasc.
1303 2901 1344 2981 3),
1365 2900 1505 2983 Lipsiae,
1528 2904 1615 2975 1888,
1636 2900 1694 2962 de·

95 3017 277 3070 monstrare
306 3009 481 3071 conabatur
503 3008 700 3092 Aphraatem
727 3008 904 3069 doctrinam
925 3007 1279 3090 quartodecimanorum
1300 3017 1420 3070 tenere.
1444 3007 1534 3086 Quae
1557 3007 1693 3071 assertio

93 3134 136 3174 an
151 3135 227 3176 vera
239 3115 291 3186 sit,
309 3135 348 3177 ex
363 3115 526 3198 hphraatc
544 3115 741 3176 sullicienter
758 3113 870 3197 nequit
882 3114 1023 3197 probari,
1043 3134 1114 3175 cum
1132 3114 1181 3176 vir
1200 3114 1260 3176 iste
1276 3114 1336 3176 sibi
1352 3113 1570 3176 contradicere
1584 3113 1692 3176 videa-

93 3229 160 3281 tur.
176 3221 362 3283 Demonstr.
381 3243 427 3282 xu
445 3221 484 3283 de
506 3221 665 3283 l'aschate
683 3242 715 3281 u.
737 3226 772 3282 12
793 3221 877 3282 enim
893 3220 993 3282 dicit:
1016 3220 1058 3285 Ut
1074 3221 1339 3302 tibr'perauaaum
1352 3223 1418 3301 fiat
1432 3234 1462 3283 et
1480 3222 1556 3283 aliia
1571 3208 1713 3302 fratri-¹

94 3326 169 3403 baa,
182 3327 263 3407 filiis
277 3328 434 3389 eccleciae
449 3340 527 3388 tuae
536 3326 758 3410 persuadeas,
777 3330 836 3408 qui
847 3326 1059 3409 difficultates
1073 3327 1194 3388 habent
1204 3329 1294 3388 cirea
1309 3340 1435 3410 tempus
1450 3327 1535 3389 illud
1545 3328 1690 3390 Pascha·

95 3435 139 3493 tia
162 3433 280 3512 [scribo
300 3433 379 3496 haec
398 3433 480 3514 tibil.
495 3434 596 3495 Senia
614 3446 720 3495 mente
736 3434 818 3494 haee
831 3436 914 3495 scita
932 3432 1080 3515 difficilia
1093 3454 1158 3494 non
1176 3447 1263 3495 suat.
1278 3434 1316 3497 Si
1328 3437 1413 3496 enim
1426 3434 1496 3496 dies
1504 3434 1688 3516 paschatis,

94 3559 162 3621 quo
177 3539 332 3602 Salvator
345 3552 456 3601 noster
464 3561 590 3622 passus
605 3552 663 3618 eat,
678 3543 790 3621 prima
802 3541 935 3601 sabboti
948 3540 1003 3622 (sc.
1021 3539 1072 3601 die
1087 3538 1264 3621 Dominica)
1278 3541 1370 3602 nobis
1385 3553 1548 3618 occurrat,
1566 3561 1607 3602 er
1622 3541 1691 3623 lege

92 3644 188 3707 decet
201 3667 260 3707 noa
279 3646 365 3708 illud
382 3648 438 3727 (sc.
465 3647 602 3729 pascha)
618 3645 671 3709 die
684 3646 831 3709 secunda
841 3653 966 3729 facere,
985 3649 1033 3708 ita
1056 3660 1092 3709 ut
1110 3659 1178 3708 tota
1197 3646 1339 3709 eiusdem
1354 3646 1561 3709 hebdomade
1575 3650 1610 3709 in
1627 3670 1691 3711 saa

87 3754 248 3833 passione
259 3757 452 3835 azynu'sque
467 3757 537 3816 artis
553 3754 750 3831 observetur,
768 3767 931 3836 narnpoat
947 3753 1076 3835 pasche
1092 3767 1213 3836 septem
1231 3766 1308 3815 sunt
1321 3753 1390 3816 dies
1412 3776 1604 3834 azymorum
1621 3754 1689 3836 (Ex.

92 3862 258 3939 xiste-20)
275 3880 378 3941 usque
393 3859 440 3932 ad
453 3858 538 3921 diem
552 3861 743 3942 m'geaimam
755 3863 912 3941 primam.
927 3859 1015 3921 Etsi
1028 3861 1173 3942 qualibet
1189 3860 1260 3920 alia
1275 3859 1328 3922 die
1343 3864 1629 3942 occurratpassiO,
1645 3863 1695 3923 nit

90 3966 262 4042 habemus,
279 3987 340 4026 cur
353 3969 442 4028 cirea
461 3967 543 4028 baec
563 3965 793 4048 difficultatem
812 3965 1012 4042 habeamum
1024 3966 1116 4027 nobis
1135 3979 1243 4028 autem
1259 3966 1328 4028 dies
1342 3987 1483 4049 coagnus
1497 3966 1566 4029 dies
1580 3966 1692 4028 Para-

90 4090 202 4132 aceves
217 4084 274 4134 eat.
292 4107 331 4118 —
348 4071 359 4133 l
363 4071 451 4155 gitur
466 4081 591 4134 certum
610 4081 659 4134 est
679 4073 710 4133 in
730 4081 822 4155 parte
839 4071 1081 4155 septentrionali
1096 4072 1347 4155 Mesopotamiae
1365 4073 1509 4135 diversas
1524 4073 1691 4155 opiniones

91 4177 136 4237 de
150 4187 294 4259 tempore
310 4179 474 4260 paschatis
489 4178 672 4241 celebrandi
690 4178 830 4261 agitatas
847 4199 930 4242 esse.
950 4179 1077 4262 Regula
1091 4187 1208 4253 tamen,
1226 4199 1321 4262 quam
1340 4176 1521 4262 Aphraates
1540 4180 1691 4263 proponit

91 4282 180 4359 haud
195 4283 274 4345 satis
289 4285 375 4346 clara
390 4295 488 4346 estut
504 4285 619 4347 exinde
635 4305 687 4347 res
702 4294 789 4347 certo
809 4285 878 4347 erui
893 4286 1008 4368 possit.
1023 4284 1204 4368 Aphraates
1218 4285 1299 4347 duos
1317 4306 1411 4347 casus
1427 4287 1587 4368 respicere
1600 4287 1689 4351 vide-

91 4400 156 4452 tur.
172 4391 199 4472 α)
216 4391 340 4453 Pascha
354 4392 406 4452 die
424 4391 591 4454 Dominica
611 4393 761 4454 occurrit.
786 4392 936 4475 Regula:
958 4393 1074 4454 festum
1093 4392 1133 4455 ad
1156 4391 1239 4454 diem
1260 4401 1446 4475 sequentem
1466 4393 1686 4468 transferatur,

92 4498 148 4571 ita,
166 4507 201 4558 ut
217 4507 284 4559 tota
304 4497 505 4560 hebdomada
524 4520 627 4581 usque
643 4498 682 4560 ad
698 4498 784 4560 diem
798 4503 847 4560 21.
864 4497 897 4560 in
913 4498 1001 4561 luctu
1021 4509 1053 4560 et
1069 4499 1189 4581 azymis
1207 4499 1404 4560 observetur.
1418 4497 1512 4562 Ratio
1527 4500 1622 4562 huius
1638 4521 1687 4562 re-

93 4604 189 4687 gulae
209 4604 278 4666 siue
307 4604 404 4667 dubio
426 4626 463 4666 ea
482 4614 542 4679 est,
564 4605 649 4688 quod
669 4605 721 4667 die
739 4605 908 4668 Dominica
930 4604 1084 4667 ieiunium
1101 4605 1246 4668 illicitum
1264 4605 1451 4668 habebatur.
1471 4605 1565 4685 Quod
1582 4616 1687 4669 autem

92 4711 134 4772 de
153 4731 337 4792 azymorum
354 4732 415 4773 usu
434 4711 522 4787 dicit,
547 4711 709 4774 iudaicam
730 4712 854 4774 redolet
873 4712 1137 4774 consuetudinem
1161 4711 1324 4795 paschatis
1342 4713 1410 4775 sine
1429 4713 1586 4776 fermento
1605 4715 1689 4777 cele-

91 4817 218 4880 brandi.
230 4820 258 4898 β)
276 4817 390 4880 Passio
402 4818 465 4880 Dr'ri
483 4819 516 4880 in
532 4819 628 4881 aliam
644 4819 729 4881 diem
752 4818 971 4881 hebdomadae
995 4819 1116 4882 incidit.
1134 4819 1196 4881 Pro
1218 4819 1279 4881 hoc
1301 4841 1377 4881 casu
1400 4820 1519 4882 nullam
1539 4822 1690 4904 proponit

93 4924 256 5007 regulam3
274 4925 377 5003 nobis,
397 4925 510 5008 inquit,
528 4926 598 4988 dies
612 4947 753 5009 magnus
768 4925 837 4988 dies
852 4925 1055 4988 Parascerea
1069 4931 1152 4995 itata
1168 4938 1226 4988 est.
1248 4926 1329 4989 'lota
1349 4947 1400 4988 res
1420 4927 1451 4987 iu
1469 4947 1506 4989 eo
1523 4928 1641 5010 pendet
1657 4928 1689 4990 in

93 5051 233 5113 quanam
252 5030 487 5113 significatione
503 5033 643 5115 accipiat
656 5031 837 5115 hphraates
852 5053 968 5094 nomen
982 5037 1065 5101 ttae-,2
1079 5041 1162 5094 etan
1174 5033 1237 5095 tria
1251 5033 1379 5095 nomina
1396 5047 1480 5104 :unt
1497 5054 1505 5096 :
1521 5039 1613 5112 itata}
1626 5047 1690 5105 itu:

92 5147 162 5224 usi»,
177 5149 225 5207 est
246 5149 321 5214 τὼ,
338 5138 421 5200 idem
445 5138 628 5222 designent.
646 5138 751 5214 Certe,
773 5139 896 5224 regula,
919 5160 1015 5222 quam
1034 5139 1186 5222 proponit
1204 5160 1263 5222 pro
1285 5160 1362 5201 casu
1382 5139 1447 5212 illc,
1474 5140 1600 5222 quando
1621 5141 1690 5204 dies

88 5246 258 5326 passionis
273 5264 346 5304 cum
365 5243 418 5306 die
441 5245 618 5307 Domim'ca
640 5246 812 5319 concurrit,
837 5246 970 5332 regulae
989 5266 1008 5307 a
1027 5244 1149 5328 synodo
1170 5244 1311 5307 Nicaena
1332 5252 1468 5307 statutae
1488 5266 1688 5330 nequaquam

92 5350 335 5433 correspondet,
354 5371 428 5412 eum
443 5351 495 5412 hic
511 5361 582 5438 tesi,
601 5364 665 5421 un:
680 5351 765 5413 diem
785 5353 947 5435 passionis
964 5352 1123 5437 designet.
1143 5349 1214 5414 Alia
1235 5352 1405 5415 dillicultas
1418 5353 1449 5414 in
1466 5374 1504 5415 eo
1523 5363 1583 5427 est,
1603 5354 1687 5437 quod

91 5457 204 5540 nequit
222 5457 292 5519 erui
309 5466 418 5518 utrum
433 5457 503 5520 dies
519 5461 692 5540 paschatis
712 5480 750 5520 ex
770 5470 876 5520 mente
895 5460 964 5521 eius
979 5459 1049 5522 dies
1067 5460 1184 5542 aliquis
1197 5458 1423 5522 hebdomadae
1441 5460 1534 5535 fixus,
1553 5482 1593 5523 an
1611 5483 1687 5523 vcro

89 5563 162 5625 dies
186 5573 293 5625 certus
317 5565 416 5626 lunae
437 5564 544 5639 luerit,
568 5586 641 5626 nam
668 5586 699 5625 n.
717 5570 735 5626 8
761 5565 954 5643 (Demonstr.
976 5567 1032 5647 xm)
1058 5566 1157 5629 dicit:
1174 5566 1372 5628 Iudaeorum
1388 5568 1520 5650 pascha
1540 5568 1610 5631 dies
1629 5568 1687 5630 de-

88 5673 196 5732 cimus
211 5684 351 5753 quartus
369 5674 452 5752 [est]‚
474 5685 623 5733 nostrum
639 5684 760 5750 autem,
778 5672 847 5736 dies
855 5676 1036 5756 passionis,
1053 5673 1123 5736 dies
1137 5693 1278 5756 magnus
1290 5684 1338 5735 eat
1343 5695 1545 5756 parasceves
1560 5676 1686 5756 (ιὼδμξ),
