3884 6316
793 398 1049 463 PRAEFATIO.
1655 407 1731 463 1060

128 563 262 660 ubique
285 562 554 649 annotavimus,
580 561 706 635 addita
729 561 838 634 simul
865 562 1017 648 ratione,
1043 587 1136 661 quae
1156 563 1378 636 mutationes
1401 563 1636 636 translationi
1662 565 1727 636 Ce-

127 696 220 767 riani
241 696 363 768 illatas
379 695 564 768 iustificat.

200 958 234 1025 3.
258 952 504 1026 Celeberrima
519 953 764 1053 Apocalypsis
780 954 923 1026 Baruch
949 954 987 1026 in
1003 954 1111 1027 unico
1127 967 1248 1027 exstat
1264 954 1390 1027 codice
1406 954 1551 1053 syriaco
1571 953 1729 1026 Ambro-

126 1087 243 1169 siano,
271 1112 368 1160 saec.
386 1089 450 1160 Vl.
471 1085 579 1159 trinis
600 1087 780 1159 columnis
805 1088 988 1186 scriptura
1010 1087 1127 1161 nitida
1146 1100 1311 1174 exarato,
1329 1087 1434 1159 cuius
1455 1086 1728 1160 subdivisiones

126 1220 314 1293 asteriscis
338 1232 483 1292 notatas
510 1233 709 1318 praeeunte
729 1219 869 1293 editore
892 1221 1010 1318 primo
1028 1220 1126 1306 libri,
1148 1221 1193 1292 Α.
1217 1223 1266 1292 M.
1286 1219 1432 1293 Ceriani
1446 1220 1483 1291 in
1498 1219 1567 1292 hac
1583 1244 1728 1317 quoque

126 1354 403 1452 Apocalypseos
442 1353 602 1426 editione
645 1352 875 1426 retinuimus.
910 1356 1180 1453 Argumentum
1217 1353 1495 1453 Apocalypseos
1533 1353 1601 1424 hoc
1636 1364 1726 1424 est:

127 1489 266 1560 Auctor
289 1512 484 1586 personam
515 1485 671 1571 Baruch,
701 1485 873 1585 discipuli
904 1488 1078 1559 leremiae
1110 1511 1302 1559 assumens
1332 1486 1521 1559 exordium
1550 1485 1731 1558 sermonis

126 1619 213 1692 lacit
237 1622 282 1693 ab
306 1621 582 1719 oppugnatione
606 1619 915 1718 lerosolymorum
937 1633 1103 1718 tempore
1125 1619 1318 1693 lechoniac
1345 1632 1382 1692 et
1404 1618 1580 1692 describit
1599 1616 1732 1690 vatici-

126 1753 226 1825 nium
243 1753 313 1824 sibi
327 1781 347 1824 a
360 1757 436 1826 Deo
450 1754 495 1826 de
509 1754 669 1826 instante
686 1754 959 1853 expugnatione
972 1753 1075 1826 urbis
1090 1752 1226 1825 lactum
1239 1766 1276 1826 ot
1290 1752 1334 1826 de
1348 1753 1500 1826 interitu
1515 1751 1621 1850 regni
1635 1755 1727 1841 (r-v).

127 1886 354 1958 Describitur
378 1886 588 1983 adimpletio
613 1886 777 1959 vaticinii
794 1900 830 1959 et
849 1886 943 1958 visio
970 1886 1127 1970 Baruch,
1158 1887 1219 1984 qui
1249 1911 1374 1960 muros
1404 1884 1563 1958 civitatis
1590 1885 1636 1956 ab
1663 1909 1727 1956 an·

127 2018 222 2116 gelis
238 2019 422 2091 devastari
440 2032 477 2091 et
494 2045 616 2091 aream
636 2019 793 2093 foederis
810 2019 986 2092 abscondi
1003 2032 1127 2092 narrat
1142 2023 1306 2112 (vr-vm).
1328 2019 1471 2091 Baruch
1487 2031 1571 2117 post
1587 2017 1730 2089 ruinam

125 2152 252 2249 templi
269 2151 306 2222 in
323 2152 420 2225 Urbe
440 2177 588 2224 manere
608 2165 645 2225 et
669 2152 843 2225 leremias
863 2153 990 2225 exules
1008 2152 1191 2225 consolari
1213 2152 1378 2235 iubetur3
1397 2151 1601 2250 prorumpit
1624 2150 1661 2222 in
1675 2150 1732 2222 la·

127 2298 249 2357 menta
264 2310 388 2357 amara
409 2285 591 2357 excidium
611 2272 737 2383 populi
752 2285 886 2384 lugens
902 2287 1054 2383 (rx-xn).
1076 2286 1281 2384 Prophetae
1300 2285 1381 2357 vias
1398 2285 1465 2357 Dei
1482 2282 1660 2357 scrutanti
1678 2309 1732 2355 re·

127 2418 268 2490 velatur
283 2418 375 2491 ultio
395 2418 518 2490 divina
538 2429 670 2518 gentes
692 2419 920 2518 castigatura
946 2433 984 2493 et
1009 2419 1243 2492 difficultates
1268 2418 1470 2518 prophetae
1491 2417 1589 2490 circa
1602 2415 1730 2489 vatici-

126 2551 228 2623 nium
255 2550 325 2623 sibi
353 2551 487 2624 lactum
512 2551 727 2624 reiiciuntur
752 2556 917 2646 (arn-xx).
936 2551 1120 2650 Propheta
1148 2564 1242 2636 orat,
1263 2565 1304 2624 ut
1324 2555 1424 2624 Deus
1441 2576 1547 2624 veras
1568 2550 1730 2624 rationes

126 2697 251 2757 tantae
263 2684 482 2757 calamitatis
493 2684 715 2772 manifestet,
730 2685 835 2758 cuius
848 2683 1152 2783 pusillanimitate
1168 2684 1364 2783 reprobata
1378 2683 1555 2756 iudicium
1569 2683 1731 2755 divinum

127 2817 309 2915 signaque
337 2816 417 2890 eius
441 2819 713 2892 annunciantur
736 2817 1168 2912 (xx1-xxv1).80iscitanti
1191 2818 1392 2917 prophetae
1420 2817 1466 2889 de
1493 2816 1731 2890 tribulatione

127 2962 282 3022 ventura
302 2949 496 3023 duodecim
517 2963 643 3051 partes
666 2966 871 3049 temporum
887 2964 923 3023 et
941 2951 1123 3024 adventus
1137 2952 1294 3025 Messiae
1311 2963 1347 3023 et
1363 2949 1517 3023 deliciae
1531 2949 1637 3046 regni
1651 2949 1731 3020 eius

128 3082 337 3156 revelantur
359 3087 587 3180 (xxvii-xxx).
606 3085 734 3158 Oratio
757 3085 901 3157 Baruch
922 3085 968 3157 ad
989 3084 1179 3184 populum,
1198 3109 1328 3156 novam
1351 3082 1597 3156 calamitatem
1617 3080 1730 3155 Urbis

128 3230 165 3288 et
190 3215 314 3314 templi
347 3217 606 3290 annunciantis
632 3230 669 3290 et
692 3218 868 3316 populum
894 3218 1100 3317 relinquere
1127 3217 1285 3290 volentis
1318 3217 1564 3312 (xxxi-xxxiv).
1588 3214 1732 3287 Baruch

128 3374 240 3447 super
264 3349 389 3423 ruinas
409 3351 536 3449 templi
558 3351 661 3424 ssenti
684 3364 721 3424 et
742 3351 862 3424 oranti
881 3352 1065 3425 revelatur
1079 3351 1173 3424 visio
1189 3351 1234 3423 de
1251 3350 1344 3423 silva
1366 3363 1402 3423 et
1422 3349 1487 3422 viti
1511 3360 1547 3422 et
1570 3350 1672 3422 l'onte
1696 3360 1733 3420 et

128 3483 322 3581 exponitur
343 3483 567 3583 significatio
588 3485 756 3571 visionis,
775 3485 820 3558 de
839 3497 997 3583 quatuor
1012 3485 1151 3583 regnis,
1169 3483 1215 3557 de
1231 3483 1383 3558 interitu
1405 3481 1583 3580 principis
1598 3480 1730 3564 ultimi,

128 3615 248 3715 deque
263 3641 380 3715 regno
396 3617 580 3690 messiano
596 3620 789 3714 (xxxv-xa).

202 3749 385 3848 Propheta
414 3750 520 3823 novis
558 3751 837 3850 quaestionibus
872 3754 951 3825 Deo
978 3752 1179 3849 propositis
1213 3752 1387 3849 populum
1418 3748 1555 3822 hortari
1583 3747 1731 3820 iubetur

133 3883 239 3979 eique
262 3908 377 3956 novae
400 3883 643 3957 revelationes
667 3883 930 3984 promittuntur
948 3886 1157 3979 (xm-xum).
1183 3887 1310 3957 Sermo
1327 3882 1470 3956 Baruch
1491 3882 1536 3954 ad
1554 3881 1730 3980 populum

129 4015 335 4089 discessum
362 4041 468 4088 suum
493 4017 771 4104 annunciantis3
800 4017 1022 4091 describitur
1051 4042 1193 4091 maeror
1212 4017 1338 4116 populi
1365 4016 1412 4089 ob
1437 4039 1624 4089 secessum
1644 4037 1732 4111 pro·
1767 4052 1772 4067 ·

128 4149 275 4245 phetae,
300 4149 420 4246 quiin
445 4150 537 4223 urbe
567 4150 716 4224 Hebron
748 4164 828 4246 orat
858 4166 894 4224 et
920 4151 1065 4249 expleto
1090 4150 1228 4224 ieiunio
1256 4161 1397 4250 septem
1429 4149 1570 4222 dierum
1601 4145 1734 4244 accipit

129 4307 151 4354 a
175 4285 251 4354 Deo
275 4282 535 4356 revelationem
551 4284 596 4357 de
615 4285 932 4384 appropinquante
948 4283 1266 4358 consummatione
1288 4283 1480 4382 signisque
1497 4282 1590 4365 eius,
1610 4280 1654 4352 de
1674 4303 1733 4351 re·

130 4414 371 4500 surrectione,
395 4416 513 4513 deque
535 4416 712 4514 qualitate
735 4418 899 4516 corporis
919 4442 1058 4505 eorum,
1082 4417 1144 4515 qui
1166 4416 1408 4491 resurrecturi
1431 4426 1517 4488 sunt
1536 4413 1728 4507 (κων-ιιι).

130 4551 233 4621 Nova
264 4549 359 4622 visio
386 4550 585 4649 prophetae
610 4551 655 4622 de
687 4551 787 4623 senis
816 4551 922 4650 aquis
952 4551 1087 4625 lucidis
1116 4563 1153 4624 et
1181 4552 1299 4651 nigris
1324 4562 1360 4624 et
1389 4550 1434 4622 de
1459 4548 1604 4646 fulgure
1629 4572 1734 4621 coru·

129 4694 269 4755 scante.
293 4683 477 4781 Propheta
498 4697 639 4767 orante,
660 4696 701 4756 ut
725 4684 795 4756 sibi
819 4685 914 4758 visio
936 4685 1151 4783 explicetur,
1170 4684 1317 4759 advenit
1347 4681 1487 4756 Ramiel
1517 4682 1672 4778 angelus
1696 4692 1734 4753 et

128 4815 402 4889 vicissitudines
425 4841 576 4915 operum
599 4816 761 4891 iustitiae
788 4831 824 4892 et
848 4817 1053 4917 iniquitatis
1078 4818 1115 4890 in
1141 4818 1293 4891 historia
1320 4816 1444 4916 gentis
1466 4816 1604 4887 electae
1633 4815 1732 4887 senis

130 4948 238 5046 aquis
252 4947 385 5021 lucidis
403 4948 596 5049 nigrisque
612 4951 821 5024 adumbrari
839 4952 1081 5036 demonstrat,
1100 4951 1225 5024 addito
1240 4948 1415 5022 vaticinio
1430 4949 1475 5021 de
1494 4946 1730 5021 tribulatione

130 5080 288 5153 maxima
314 5081 351 5152 in
383 5087 454 5154 fine
481 5095 686 5180 temporum
712 5097 866 5157 ventura
894 5097 931 5158 et
957 5109 1073 5183 regno
1103 5083 1261 5157 Messias
1294 5084 1525 5183 (cnr-cxxiv).
1549 5081 1731 5177 Propheta

129 5213 271 5311 gratias
291 5215 371 5313 agit
396 5218 473 5289 Deo
500 5241 565 5313 pro
591 5217 751 5316 acceptis
778 5217 1062 5292 revelationibus
1082 5230 1119 5291 et
1146 5217 1313 5290 hortatur
1334 5216 1509 5315 populum
1539 5213 1585 5286 ad
1613 5214 1733 5312 legem

129 5347 398 5420 observandam
421 5352 696 5445 (cxxv-cxxvn).
722 5352 917 5449 Componit
935 5350 1028 5424 duas
1049 5352 1227 5450 epistolas
1247 5378 1254 5421 :
1276 5350 1385 5423 aliam
1401 5348 1446 5421 ad
1462 5373 1593 5421 novem
1612 5346 1731 5420 tribus

130 5492 168 5554 et
187 5480 389 5567 dimidiam,
408 5482 518 5555 aliam
538 5483 692 5556 adduas
708 5484 825 5556 tribus
841 5484 1101 5571 etdimidiam;
1120 5485 1274 5582 primam
1296 5484 1439 5582 aquilae
1455 5482 1568 5556 tradit
1581 5506 1735 5579 eamque

132 5614 179 5686 ad
201 5615 376 5713 populum
395 5628 499 5688 trans
518 5616 669 5689 lluvium
689 5618 903 5715 Euphraten
922 5618 1086 5718 ablegat.
