3884 6316
619 423 674 487 DE
697 423 1027 489 PERSECUTlONE
1053 421 1247 488 saronis.
1675 430 1733 488 711

130 618 193 691 ille
213 616 350 688 nullam
369 614 476 687 huius
496 612 638 711 imperii
654 612 832 685 rationem
852 612 1013 685 hahens:
1037 637 1096 684 res
1112 611 1175 684 diu
1195 610 1319 682 multis
1340 610 1571 683 sermonibus
1591 625 1733 710 pertra-

131 763 229 824 ctata
247 748 328 837 luit,
346 773 438 847 quos
458 746 592 819 referre
612 771 685 818 non
704 758 822 818 vacat.
842 749 927 826 Mox
945 744 1073 817 fideles
1093 744 1195 842 ipsos
1217 742 1410 817 Modainae
1428 757 1464 816 et
1485 744 1660 842 Spanirae
1681 745 1733 817 iu-

129 883 240 956 bebat
254 908 316 954 rex
327 906 430 953 suam
450 878 619 977 amplecti
635 878 951 977 superstitionem
970 877 1152 976 quodillis
1168 877 1287 949 faeere
1301 876 1570 965 recusantibus,
1584 892 1733 976 propter

129 1015 415 1089 inobedientiam
447 1037 572 1085 eorum
608 1011 784 1085 ecclesias
813 1011 908 1085 dirui
935 1011 1060 1085 iussit·
1084 987 1192 1084 Pater
1225 1023 1347 1083 autem
1375 1023 1542 1096 sanctus,
1569 1010 1730 1084 fidelium

131 1173 247 1247 grege
272 1157 484 1232 convocato,
503 1144 774 1218 multitudinem
796 1144 842 1217 ad
862 1144 974 1216 animi
993 1142 1246 1217 fortitudinem
1264 1142 1428 1216 excitans
1453 1141 1505 1215 sic
1521 1156 1577 1216 est
1596 1142 1731 1218 allocu-

128 1296 211 1354 tus:
232 1312 249 1347 «
266 1279 519 1365 Considerate,
536 1277 615 1364 filii,
634 1289 722 1376 quot
742 1303 787 1350 ex
806 1276 994 1376 prophetis
1014 1290 1050 1350 et
1068 1275 1247 1375 apostolis
1265 1276 1361 1350 ferro
1381 1276 1501 1349 necati
1520 1274 1594 1349 sint
1613 1303 1656 1350 ac
1676 1278 1731 1350 la·

129 1414 276 1512 pidibus
296 1411 431 1500 obruti,
454 1410 523 1484 hoe
543 1424 665 1483 autem
682 1434 748 1482 vos
771 1436 816 1482 ne
837 1410 955 1509 fugiat
974 1435 1041 1483 nee
1061 1409 1129 1482 Dei
1148 1408 1320 1481 altissimi
1338 1409 1511 1482 uirtutem
1534 1409 1728 1500 defecisse,

129 1573 196 1621 nec
221 1546 358 1620 Christi
379 1545 556 1645 gloriam,
580 1544 646 1617 sed
668 1542 763 1626 velle
788 1543 908 1641 ipsum
930 1567 995 1642 per
1017 1541 1231 1649 patientiam
1252 1540 1426 1615 debilium
1447 1542 1485 1614 in
1508 1542 1752 1652 cruciatibus

127 1705 194 1778 pro
214 1679 292 1752 eius
309 1703 431 1752 amore
451 1676 679 1774 perferendis
699 1676 900 1774 potentiam
921 1699 1025 1748 suam
1041 1675 1236 1748 ostendere
1257 1702 1264 1745 :
1281 1700 1349 1748 nae
1363 1674 1424 1748 ille
1438 1675 1544 1748 vobis
1559 1675 1731 1750 uirtutem

126 1810 329 1911 praestabit
353 1824 390 1884 et
413 1835 520 1908 opem
539 1810 649 1897 seret,
673 1809 703 1881 si
725 1809 836 1882 corda
860 1808 906 1889 ad
926 1808 1046 1906 ipsum
1071 1808 1233 1907 erigitis,
1256 1807 1317 1881 ille
1342 1806 1615 1881 imbecilitatem
1640 1834 1728 1883 nos-

126 1958 220 2017 tram
239 1943 410 2029 firmabit,
430 1967 647 2042 persuasum
667 1939 802 2016 hahere
817 1954 962 2040 oportet
975 1940 1076 2015 brevi
1093 1954 1318 2014 cessaturam
1338 1940 1583 2015 calamitatem
1603 1942 1725 2032 istam,

127 2102 279 2176 eamque
307 2090 515 2150 secuturam
532 2074 710 2148 laetitiam
734 2089 770 2148 et
798 2074 960 2173 requiem
980 2101 988 2145 :
1012 2074 1188 2147 ecclesias
1208 2087 1331 2147 autem
1350 2099 1444 2172 quae
1458 2087 1623 2148 vastatae
1643 2090 1729 2149 sunt

128 2211 323 2309 splendore
348 2221 457 2308 atque
490 2222 621 2281 ornatu
643 2207 908 2306 prestantiores
934 2206 1145 2281 restitutum
1173 2207 1217 2278 iri
1242 2235 1250 2278 :
1280 2206 1430 2280 obrutas
1455 2207 1552 2280 enim
1572 2207 1653 2280 illas
1673 2208 1729 2281 la-

128 2343 284 2416 mentari
301 2368 368 2416 nos
386 2343 535 2414 minime
556 2341 655 2428 licet,
673 2366 766 2439 quos
782 2353 931 2413 manent
950 2341 987 2413 in
1004 2340 1115 2413 caelis
1132 2340 1242 2413 aedes
1262 2340 1361 2413 haud
1375 2341 1535 2412 humano
1551 2342 1728 2414 excitatae

127 2501 250 2573 opere,
273 2501 340 2549 nec
363 2476 460 2549 enim
485 2474 678 2547 Modainae
703 2487 766 2546 aut
794 2473 971 2572 Spanirae
990 2485 1054 2546 aut
1078 2472 1224 2546 Karhae
1252 2473 1344 2546 sitae
1364 2472 1448 2546 illae
1468 2487 1554 2546 sunt
1574 2474 1640 2547 sed
1664 2501 1728 2548 su·

127 2634 240 2707 perna
261 2607 491 2681 Hierusalem
514 2631 608 2704 quae
633 2606 670 2678 in
697 2605 809 2679 caelis
834 2620 902 2678 est.
920 2607 966 2678 Et
992 2629 1062 2705 ego
1085 2605 1233 2703 quidem
1257 2631 1353 2678 nunc
1379 2606 1426 2679 ad
1449 2630 1575 2705 regem
1596 2631 1726 2707 pergo,

131 2742 219 2839 quid
231 2754 316 2839 post
332 2766 390 2812 me
412 2751 627 2813 eventurum
647 2739 695 2812 sit
710 2739 901 2838 ignorans,
917 2763 983 2812 vos
1002 2750 1124 2812 autem
1145 2737 1263 2837 parati
1280 2750 1397 2811 estote
1412 2738 1496 2812 freti
1510 2738 1625 2812 lorica
1644 2739 1728 2812 fidei

129 2886 164 2946 et
191 2872 452 2960 consessioniS,
480 2884 521 2945 ut
549 2873 581 2944 si
610 2871 756 2971 quando
779 2872 959 2945 consistat
983 2872 1160 2944 adversus
1184 2896 1250 2943 vos
1278 2870 1433 2958 bellum,
1463 2871 1625 2944 hostium
1655 2873 1728 2946 tela

129 3006 264 3079 loricae
276 3019 421 3080 vestrae
437 3006 645 3079 retundant.
662 3009 760 3078 Haec
776 3005 905 3102 loquor
916 3004 1035 3093 vobis,
1051 3030 1118 3078 vos
1130 3018 1316 3103 tamquam
1332 3018 1437 3102 pater
1449 3004 1544 3077 lilios
1560 3030 1728 3104 praemo-

129 3165 233 3226 nens,
256 3140 428 3212 mandata
444 3138 580 3212 Christi
603 3138 747 3211 Domini
767 3151 909 3211 servate
929 3151 969 3212 ut
994 3164 1061 3212 vos
1084 3138 1145 3211 ille
1172 3136 1372 3224 custodiat;
1396 3136 1540 3238 diligite
1563 3164 1645 3212 eum
1667 3140 1728 3238 qui
1823 3188 1825 3192 -

127 3271 232 3345 vobis
260 3273 436 3345 honorem
456 3270 624 3360 contulit,
645 3271 831 3370 vitamque
855 3271 1018 3369 profudit
1036 3284 1077 3344 ut
1099 3296 1166 3343 sua
1186 3297 1254 3344 nos
1274 3284 1390 3343 morte
1409 3270 1596 3345 liberaret.
1615 3273 1727 3345 Prae-

129 3417 273 3503 ceptum
289 3430 409 3478 meum
430 3404 684 3504 exsequimini,
703 3417 739 3477 et
759 3404 908 3504 vigilate
922 3404 969 3477 ad
983 3403 1233 3504 integritatem
1253 3428 1360 3477 verae
1380 3403 1464 3477 fidei
1484 3405 1726 3492 retinendam,

129 3538 248 3636 quoad
271 3538 449 3611 unitatem
480 3551 650 3611 aeternae
682 3537 864 3610 essentiae
893 3536 962 3609 Dei
986 3537 1162 3611 creatoris
1185 3550 1223 3635 *et
1248 3535 1449 3610 trinitatem
1473 3562 1726 3636 personarum,

128 3671 391 3768 proprietatum
417 3670 515 3743 illius
535 3683 779 3756 aeternarum,
802 3669 922 3743 Patris
943 3683 979 3742 et
999 3668 1080 3742 Filii
1103 3683 1139 3742 et
1161 3670 1319 3767 Spiritus
1345 3670 1489 3743 sancti:
1511 3697 1557 3745 ne
1584 3682 1729 3745 cuncte·

127 3804 216 3875 mini
231 3829 297 3901 pro
317 3805 384 3876 hac
404 3804 475 3876 fide
495 3802 731 3877 acerbissima
746 3828 911 3903 quaeque
931 3829 973 3876 ac
993 3802 1072 3876 dira
1091 3802 1266 3901 perferre,
1287 3828 1466 3877 memores
1487 3804 1727 3903 gravissimae

129 3937 231 4008 Pauli
259 3937 415 4035 apostoli
445 3937 649 4010 sententiae
674 3936 819 4009 lidelem
849 3960 931 4008 esse
961 3961 1167 4010 sermonem
1196 3937 1294 4009 omni
1317 3937 1530 4035 acceptione
1557 3937 1723 4038 dignum.

128 4070 314 4142 Fiduciam
329 4095 473 4168 quoque
495 4068 672 4142 habemus
689 4070 842 4156 firmam,
865 4082 1019 4142 mortem
1039 4070 1070 4141 si
1090 4069 1289 4142 obierimus
1309 4095 1376 4167 pro
1391 4070 1474 4169 lege
1495 4071 1587 4158 eius,
1609 4070 1725 4144 victu·

128 4228 187 4275 ros
211 4228 296 4288 nos;
319 4203 429 4274 immo
449 4216 669 4301 regnaturos
689 4227 771 4274 cum
791 4203 884 4300 ipsc,
904 4203 936 4274 si
954 4201 1055 4299 passi
1074 4202 1250 4274 fuerimus
1269 4228 1335 4300 pro
1351 4203 1497 4275 nomine
1514 4202 1605 4276 eius.
1625 4207 1724 4276 Haec

127 4334 230 4407 vohis
256 4335 425 4408 mandavi
448 4335 485 4407 id
511 4336 646 4421 sciens,
668 4360 734 4408 vos
757 4335 887 4408 faciem
916 4360 1034 4408 meam
1061 4335 1158 4407 haud
1185 4335 1342 4433 amplius
1368 4334 1513 4409 visuros
1540 4337 1723 4420 essehoc

127 4469 221 4542 enim
241 4468 358 4542 haheo
383 4469 421 4540 in
441 4467 546 4541 vobis
565 4467 749 4541 victimam
773 4468 1001 4568 hostiamque
1026 4468 1104 4542 lieri
1131 4495 1197 4567 pro
1222 4469 1357 4568 populo
1377 4470 1458 4543 Dei.
1478 4469 1536 4543 Ad
1566 4470 1634 4544 hoc
1659 4496 1722 4544 ro-

128 4601 213 4674 bore
229 4627 286 4673 me
302 4602 422 4674 firmat
437 4615 617 4700 urgetque
637 4602 797 4674 charitas
816 4604 899 4674 lesu
919 4601 1055 4676 Christi
1076 4601 1141 4674 filii
1163 4602 1243 4675 Dei.
1265 4602 1342 4675 Erit
1362 4601 1423 4675 illc
1439 4628 1581 4677 mecum
1598 4629 1640 4677 ac
1658 4630 1724 4676 vo·

129 4733 268 4807 hiscum
289 4734 325 4805 in
345 4742 546 4806 aeternum.
569 4735 687 4806 Amen
711 4762 745 4805 a.

200 4871 298 4940 Haec
321 4880 361 4939 ut
384 4893 404 4939 a
428 4868 506 4940 viro
527 4881 654 4940 sancto
676 4866 817 4965 prolata
844 4882 941 4955 sunt,
959 4869 1093 4969 ingens
1114 4867 1159 4941 ab
1184 4869 1366 4942 universis
1390 4871 1509 4969 erupit
1524 4871 1632 4944 lletus
1649 4899 1656 4941 :
1676 4873 1726 4944 la·

128 5000 382 5073 mentabantur
403 5002 643 5074 enimomnes
661 5001 865 5073 discessum
881 5002 1039 5100 pastoris
1054 5001 1342 5101 vigilantissimi,
1360 5003 1475 5101 patris
1496 5004 1655 5104 denique
1672 5006 1725 5079 in·

129 5129 416 5228 dulgentissimi3
435 5130 524 5201 illud
546 5156 632 5202 vero
653 5129 819 5202 acerbior
833 5130 901 5202 suit
917 5130 1075 5230 singulis
1101 5156 1211 5204 causa
1228 5131 1364 5221 luctus,
1382 5133 1481 5231 quod
1503 5134 1657 5209 dixisset
1684 5162 1723 5210 se

128 5287 187 5335 eos
203 5262 360 5362 amplius
376 5289 449 5335 non
464 5288 545 5337 esse
562 5264 719 5336 visuros.
740 5266 785 5336 Et
798 5263 858 5337 ille
873 5290 936 5338 eos
947 5264 1071 5351 solari,
1090 5265 1242 5339 sundere
1257 5292 1323 5366 pro
1336 5266 1409 5338 illis
1425 5293 1566 5365 procae,
1581 5270 1722 5343 cunctis

127 5392 339 5468 benedicere
360 5422 511 5469 exorsus
525 5411 615 5484 erat,
630 5423 741 5496 quum
752 5397 871 5471 adhuc
885 5400 1004 5473 oranti
1019 5399 1193 5472 adstitere
1207 5399 1342 5473 milites
1356 5401 1464 5501 regii,
1482 5401 1545 5501 qui
1559 5428 1721 5502 compre·

128 5525 277 5600 hensum
297 5528 505 5602 detulerunt
525 5530 571 5601 ad
595 5534 784 5628 Saporem.
808 5534 885 5604 Rex
905 5532 1051 5631 quidem
1071 5533 1270 5606 honorifice
1289 5534 1431 5633 excepit
1451 5560 1534 5609 eum
1559 5549 1595 5609 et
1615 5563 1721 5610 aocc-

129 5659 209 5735 dere
236 5687 278 5734 ac
299 5661 368 5734 sibi
390 5663 435 5735 ad
455 5663 551 5736 latus
580 5664 708 5736 sedere
737 5664 859 5755 iussit,
877 5691 1033 5765 moxque
1061 5667 1112 5740 sic
1136 5681 1193 5741 est
1221 5668 1429 5742 allocutus:
1454 5702 1471 5736 «
1498 5672 1601 5765 Quae
1632 5670 1720 5744 mihi
