3884 6316
392 422 449 485 DE
472 421 575 486 Vtra
597 424 651 486 ET
675 424 868 488 SCRIPTlS
895 425 929 488 S.
958 423 1161 489 SllllEONlS
1184 425 1269 488 ΒΑΗ
1292 422 1477 488 SABBA‘E.
1680 436 1739 492 663

138 612 312 711 loquendi
333 613 441 685 huius
469 612 608 699 Pasitto
634 613 793 699 novisse,
820 638 926 686 secus
948 613 1009 691 vix
1030 612 1284 711 explicaretur,
1315 639 1379 686 cur
1408 614 1636 713 neglexisset
1658 630 1734 689 ter-

138 747 257 819 minos
271 744 503 845 theologicos
524 745 749 843 aptissimos,
764 771 856 845 quos
873 746 909 818 in
925 745 1166 818 translatione
1183 745 1326 844 syriaca
1341 748 1488 820 Veteris
1509 750 1733 822 Testamenti

137 893 285 978 praesto
316 878 544 951 habuissct¹.
574 879 861 976 Supponendum
890 879 1004 978 igitur
1031 879 1100 952 erit
1128 879 1409 952 communitates
1438 880 1520 952 illas
1556 882 1730 980 syriacas,

140 1038 233 1112 quae
258 1028 304 1103 τῷ
325 1021 542 1110 Διατεσσᾶιρων
561 1010 770 1094 utebantur,
789 1012 935 1085 demum
956 1024 1120 1109 tempore
1140 1012 1344 1110 posteriore
1362 1013 1501 1103 Pasitto
1521 1014 1729 1112 adoptasse.

142 1147 296 1240 Quando
317 1160 353 1219 et
373 1172 394 1218 a
414 1145 547 1245 quibus
569 1145 777 1242 acceperint
802 1144 1036 1243 quaestiones
1060 1158 1145 1217 sunt
1164 1144 1410 1218 difficillimae.
1437 1147 1476 1219 Si
1499 1159 1622 1220 tamen
1649 1174 1732 1246 per-

143 1278 323 1376 pendatur
343 1279 483 1368 Pesitto
497 1303 516 1350 e
531 1289 634 1351 textu
650 1277 819 1351 hebraico
836 1276 1054 1351 translatam
1069 1303 1164 1366 esse,
1180 1277 1369 1377 probabile
1385 1292 1441 1352 est
1454 1280 1732 1354 translationem

140 1412 231 1484 hanc
258 1426 320 1485 aut
349 1438 369 1484 a
396 1411 541 1484 ludaeis
575 1424 637 1483 aut
666 1436 686 1482 a
715 1410 1064 1484 ludaeoohristianis
1092 1411 1130 1482 in
1154 1411 1436 1485 communitates
1459 1412 1731 1485 ethnico-chri-

138 1545 277 1617 stianas
301 1544 546 1617 introductam
570 1569 662 1617 esse.
692 1546 743 1616 Re
767 1568 853 1616 vera
877 1557 962 1616 sunt
984 1543 1105 1642 aliqua
1127 1543 1274 1630 indicia,
1291 1568 1384 1640 quae
1409 1545 1564 1617 suadent
1588 1557 1732 1643 praeter

137 1678 416 1750 communitates
436 1675 683 1750 occidentales
710 1676 1092 1749 ethnico-christianas
1112 1677 1150 1748 in
1173 1690 1276 1774 parte
1297 1676 1514 1751 occidentali
1537 1690 1573 1749 et
1589 1690 1732 1775 septen-

137 1809 283 1882 trionali
309 1809 596 1907 Mesopotamiae
618 1809 839 1882 constitutas
859 1810 950 1882 alias
976 1809 1256 1883 communitates
1281 1811 1509 1883 iudaizantes
1529 1811 1728 1894 exstitisse,

138 1969 230 2041 quae
257 1969 330 2016 non
359 1944 477 2017 solum
504 1943 643 2033 peditto
673 1942 907 2041 divulgasse,
933 1944 999 2015 sed
1033 1956 1068 2015 et
1098 1942 1212 2015 multa
1244 1945 1351 2043 signa
1384 1943 1539 2042 originis
1568 1943 1731 2016 iudaicae

136 2102 222 2174 prae
247 2103 286 2149 se
312 2077 406 2149 ferre
428 2076 611 2149 videntur.
638 2078 780 2147 Nomen
808 2075 927 2173 ipsum
950 2049 1244 2174 antiquissimum
1272 2077 1566 2150 Christianorum
1596 2077 1633 2147 in
1660 2080 1733 2149 Me·

136 2211 338 2307 sopotamia
364 2209 577 2309 degentium
600 2211 661 2303 sip
681 2238 698 2280 c
722 2208 897 2281 Nazaraei
916 2236 933 2278 a
952 2221 1021 2282 est.
1042 2212 1118 2281 Hoc
1138 2233 1201 2282 eos
1223 2210 1369 2282 nomine
1391 2209 1625 2308 appellabant
1646 2213 1729 2282 Per·

135 2367 210 2429 sae,
235 2355 275 2414 ut
296 2344 388 2415 Acta
409 2345 610 2441 Martyrum
631 2354 828 2429 testantur,
847 2341 957 2414 immo
976 2354 1103 2414 auctor
1118 2344 1294 2415 Actorum
1315 2343 1466 2441 Saporis
1487 2341 1649 2440 episcopi
1666 2344 1733 2414 Bet

137 2475 289 2548 Nikator
308 2475 409 2548 urbis
427 2475 553 2548 scribit
576 2505 583 2547 :
609 2507 625 2542 «
647 2483 748 2548 Aeno
769 2478 943 2569 tripcsimo
961 2479 1099 2570 imperii
1118 2479 1268 2570 Saporis
1296 2480 1386 2570 repis
1410 2478 1571 2571 Persidis,
1591 2500 1733 2546 accesse-

133 2598 214 2680 runt
235 2614 304 2681 ciri
327 2614 422 2702 accpi
440 2613 689 2681 calumniantes
711 2609 942 2682 Nazaraeos².
968 2639 984 2674 »
1013 2608 1090 2679 Etsi
1110 2607 1179 2680 hoc
1200 2608 1346 2680 nomine
1365 2606 1556 2681 christiani
1576 2632 1732 2706 genera-

135 2741 201 2812 tim
222 2741 476 2839 designantur,
495 2741 698 2840 antiquitus
717 2755 841 2814 tamen
856 2740 1186 2813 iudeochristianos
1206 2741 1243 2813 id
1260 2740 1491 2839 significasse
1512 2753 1638 2812 notum
1659 2753 1727 2812 est.

207 2877 306 2946 lnter
325 2873 473 2946 nomina
493 2874 761 2972 episcoporum,
787 2873 850 2972 qui
870 2861 1033 2972 tempore
1055 2873 1205 2971 Saporis
1220 2874 1437 2969 martyrium
1458 2872 1649 2945 subierunt
1673 2873 1730 2944 in-

134 3005 302 3078 venimus
326 3032 458 3078 nomen
477 3036 588 3084 μωω
602 3005 765 3104 episcopi
785 3005 887 3078 urbis
902 3008 1060 3105 Hnayta,
1082 3006 1144 3102 qui
1161 3031 1256 3078 anno
1273 3007 1317 3078 37
1334 3005 1602 3105 persecutionis
1619 3008 1731 3103 Sapo·

137 3140 188 3210 ris
205 3139 350 3212 occisus
365 3143 457 3212 est³.
473 3143 613 3211 Nomen
630 3138 699 3212 hoc
715 3164 760 3212 ex
781 3159 843 3206 ..aa
866 3151 902 3211 et
918 3161 996 3212 sata
1011 3138 1254 3236 compositum
1270 3152 1340 3225 est,
1354 3151 1391 3211 et
1411 3139 1489 3211 sine
1507 3137 1618 3211 dubio
1635 3137 1731 3210 idem

139 3272 324 3369 significat
341 3297 383 3344 ac
396 3300 521 3358 amm,
541 3297 635 3343 unus
651 3272 907 3370 episcoporum
926 3270 1289 3344 Karka-d-ssetslok
1302 3275 1328 3342 ⁴.
1347 3271 1492 3344 Etenim
1512 3294 1590 3344 sau
1611 3272 1646 3343 in
1662 3296 1731 3343 usu

138 3402 311 3501 loquendi
331 3405 548 3477 ludaeorum
570 3404 875 3503 babylonensium
896 3406 1013 3476 Deum
1034 3403 1231 3502 significat.
1251 3404 1483 3503 Computatio
1506 3403 1647 3477 dierum
1671 3429 1732 3476 se-

136 3538 295 3609 cundum
318 3563 465 3610 menses
489 3538 637 3611 lunares
657 3562 749 3636 quae
773 3539 810 3609 in
829 3536 988 3635 antiquis
1012 3535 1197 3634 martyriis
1217 3537 1420 3608 communis
1444 3548 1512 3623 est,
1534 3537 1731 3635 prostratio

134 3670 313 3742 orientem
341 3696 470 3743 versus
506 3670 691 3757 facienda,
723 3670 853 3742 modus
888 3694 959 3766 quo
991 3670 1175 3742 Gustazad
1203 3681 1355 3767 peccata
1389 3694 1455 3741 sua
1488 3669 1607 3767 luget,
1639 3694 1731 3763 quac

133 3803 258 3874 omnia
277 3803 314 3874 in
338 3803 513 3901 martyrio
539 3806 577 3877 S.
609 3802 789 3875 Simeonis
816 3803 1037 3889 reseruntur,
1055 3801 1219 3874 iudaicas
1243 3801 1529 3874 consuetudines
1549 3799 1728 3874 redolent.

134 3935 370 4022 ClriliasmuS,
396 3962 503 4033 quem
522 3936 728 4035 Aphraates
749 3936 977 4034 profitetur⁵,
1000 3935 1167 4007 doctrina
1188 3938 1226 4007 S.
1253 3934 1449 4032 Ephraemi
1469 3935 1514 4007 de
1535 3947 1632 4007 statu
1658 3934 1732 4005 ani-

133 4093 275 4139 marum
291 4095 311 4140 a
326 4082 441 4141 morte
462 4095 578 4167 usque
600 4069 646 4141 ad
663 4069 838 4142 iudicium
852 4068 1019 4140 ultimum
1031 4071 1057 4152 ⁶,
1076 4066 1267 4139 doctrinae
1287 4067 1452 4140 iudaicae
1473 4080 1568 4139 sunt.
1591 4066 1730 4161 Quodsi

197 4291 204 4323 ¹
224 4289 344 4351 Exinde
360 4291 506 4352 concludi
517 4311 613 4372 possa
627 4291 753 4352 videtur
763 4299 925 4352 auctorem
938 4309 1015 4351 usus
1031 4288 1180 4372 loquendi
1189 4288 1283 4350 buius
1298 4288 1481 4372 theologici,
1495 4288 1560 4349 sive
1577 4286 1731 4349 Tatianus

131 4396 238 4468 fuerit,
257 4397 322 4458 sire
335 4417 409 4467 non,
426 4397 504 4457 nihil
520 4417 688 4459 commune
705 4418 777 4458 curn
796 4396 952 4480 gnosticis
970 4395 1060 4477 Syris
1076 4396 1238 4458 habuisse.
1254 4395 1373 4457 Saltem
1389 4395 1490 4457 altera
1504 4394 1661 4456 sententia
1677 4414 1730 4474 sy-

134 4503 234 4574 riaca,
250 4523 345 4585 quam
365 4503 398 4564 S.
416 4503 564 4564 lrenaeus
583 4524 622 4563 ex
636 4503 768 4587 liturgia
788 4502 1019 4564 blarcosiorum
1035 4503 1221 4564 transcribit
1242 4502 1493 4584 redemptionem
1508 4500 1620 4562 eodem
1637 4499 1730 4561 modo

133 4620 232 4690 atque
242 4608 363 4686 Peditto
373 4609 534 4692 exprimit.
547 4608 602 4674 W·
612 4608 733 4692 Wigan
744 4607 880 4689 llarvey,
893 4606 1009 4669 Sancti
1019 4608 1151 4669 Irenaei
1160 4611 1305 4690 episcopi
1310 4607 1541 4691 Lugdunensis
1552 4606 1629 4668 libri
1638 4609 1729 4688 quin-

130 4736 198 4796 qua
216 4716 374 4776 adversus
393 4716 533 4793 hereses,
551 4723 574 4777 t.
597 4715 620 4789 l,
640 4715 879 4799 Cantabrigiae,
899 4718 985 4788 1867,
999 4735 1031 4797 p.
1051 4718 1108 4776 183
1124 4734 1214 4798 seqq.
1233 4713 1336 4775 Haer.
1352 4712 1407 4775 lib.
1436 4713 1459 4789 l,
1476 4733 1546 4796 cap.
1566 4735 1630 4788 xrv,
1648 4733 1678 4772 n.
1698 4718 1727 4773 2.

195 4821 206 4857 ²
224 4820 258 4881 Ι).
277 4821 408 4905 Bedjan,
424 4820 509 4883 Acta
524 4834 709 4903 martyrum
726 4834 756 4883 et
770 4834 970 4899 sanctorum,
989 4830 1013 4882 t.
1031 4820 1069 4893 ll,
1086 4820 1223 4903 Lipsiae,
1244 4825 1330 4895 1891,
1345 4841 1377 4902 p.
1394 4827 1442 4881 55.
1461 4818 1584 4881 Similia
1599 4818 1729 4880 conclu-

128 4927 180 4987 dit
198 4926 328 5009 Lipsius
352 4948 390 4988 ex
414 4929 502 4989 lictis
527 4927 755 5010 Apostolorum
780 4926 972 5008 apocryphis
996 4926 1029 4987 in
1053 4945 1150 5008 opere
1175 4948 1182 4987 ε
1206 4925 1268 4988 Die
1291 4924 1512 5008 Apocryplten
1538 4925 1729 5008 Apostelge·

124 5034 306 5112 sclrichoen,
325 5033 589 5118 Braunscbueig,
610 5039 695 5109 1883,
714 5034 737 5109 l,
753 5055 785 5116 p.
800 5039 850 5108 30,
866 5038 916 5096 33.

193 5138 302 5201 ³Ibid.
320 5146 377 5202 361
393 5161 464 5223 sqq.
482 5141 548 5204 Clr.
567 5142 637 5223 tls,
656 5163 686 5204 n.
705 5147 752 5218 23,
770 5141 825 5202 ubi
840 5163 894 5209 tm
906 5140 1011 5201 Iesum
1029 5139 1201 5223 significat.

192 5261 205 5282 ⁴
220 5245 302 5307 lbtd.
319 5252 376 5307 512
390 5269 438 5329 sq.

193 5353 404 5414 ⁵Demonstr.
421 5376 455 5426 u,
477 5359 522 5414 rt.

128 5542 131 5548 .
192 5460 205 5496 ¹⁵
223 5459 263 5520 G.
280 5459 412 5533 Bickell,
431 5461 464 5522 S.
482 5460 659 5542 Ephraimi
676 5459 755 5539 Syri
772 5463 922 5521 carmina
942 5459 1112 5537 Nisibena,
1132 5459 1271 5542 Lipsiae,
1295 5463 1381 5532 1866,
1398 5477 1474 5542 pag.
1496 5463 1534 5519 26
1551 5478 1600 5541 sq.
1617 5480 1658 5528 rx.
1676 5476 1726 5545 ³t⁰l

126 5566 169 5628 S.
187 5564 360 5647 Eplrraemi
380 5565 448 5627 sine
464 5565 560 5627 dubio
579 5565 664 5627 idem
685 5576 745 5641 est,
763 5565 848 5648 quod
871 5565 978 5627 ludaei
999 5582 1072 5632 :tttt
1094 5581 1148 5631 ur
1167 5565 1395 5648 «marsupium
1414 5565 1496 5627 vitae
1519 5592 1532 5621 »
1554 5565 1726 5647 appellant,

125 5671 188 5733 ubi
209 5672 334 5733 atrimae
355 5671 506 5734 iudicium
522 5683 719 5754 exspectant.
