3884 6316
810 379 1067 444 PRAEFATIO.
1654 393 1730 451 1062

128 548 219 619 alter
246 545 292 618 ab
326 546 441 618 altero
476 542 638 615 Kabisch
671 554 707 614 et
739 544 792 614 De
819 544 916 639 Faye
945 555 1155 626 moverunt,
1179 545 1445 619 contendentes
1468 550 1730 648 Apocalypsim

128 679 271 752 Baruch
305 678 502 775 abaliquo
532 676 723 748 redactore
755 701 800 747 ex
824 673 981 747 diversis
1007 674 1304 774 Apocalypsibus
1331 679 1601 779 antiquioribus
1630 709 1731 755 com-

126 813 276 910 pilatam
311 836 407 883 esse.
439 808 608 882 Assentit
635 808 747 881 etiam
771 807 938 892 Charles,
967 807 1029 906 qui
1058 808 1152 881 hano
1184 811 1406 884 sententiam
1428 814 1583 887 ulterius
1611 816 1730 888 adhuc

127 945 275 1018 evolvit.
306 944 379 1016 rllii
410 943 529 1027 docti,
552 941 732 1039 imprimis
761 941 930 1026 Clemen,
955 941 1214 1014 contradicunt
1243 956 1279 1015 et
1310 946 1512 1020 sententias
1541 948 1731 1021 doctorum

127 1079 272 1151 illorum
299 1077 508 1150 adtentum
532 1074 927 1173 Apocalypseoslalso
952 1073 1180 1148 intellectum
1206 1075 1386 1151 reducunt
1411 1104 1479 1152 nec
1508 1080 1731 1154 dillerentias

127 1211 202 1283 stili
226 1234 421 1309 rerumque
446 1209 491 1281 ad
517 1207 735 1307 religionem
759 1207 1020 1305 pertinentium
1039 1210 1148 1306 (quae
1158 1210 1355 1307 praecipue
1376 1212 1531 1285 Charles
1549 1213 1731 1313 iustoplus

126 1348 249 1442 urget)
276 1357 401 1417 tantas
424 1368 506 1415 esse
528 1354 672 1440 putant,
698 1339 895 1439 exquibus
915 1340 1086 1414 concludi
1113 1341 1231 1440 possit
1256 1344 1517 1443 Apocalypsim
1544 1348 1731 1419 Baruch-a

126 1477 293 1575 pluribus
318 1475 531 1549 auctoribus
552 1472 792 1572 compositam
812 1498 908 1546 esse.
932 1474 1069 1572 Negari
1097 1474 1245 1572 quidem
1269 1477 1395 1575 nequit
1420 1478 1563 1577 aliquas
1586 1493 1731 1554 senten-

126 1611 198 1682 tias
225 1609 419 1682 manifesto
442 1609 575 1681 falsum
595 1607 761 1680 obtinere
786 1607 907 1679 locum
937 1606 974 1678 in
1003 1620 1105 1679 textu
1133 1607 1276 1706 syriaco
1303 1611 1372 1706 (Cl.
1398 1638 1525 1698 xnrnn,
1552 1614 1600 1687 48
1624 1638 1728 1712 sqq.;

127 1769 190 1828 nn,
218 1745 241 1814 o
265 1768 366 1841 sqq.;
390 1770 463 1827 ιιι,
487 1742 531 1813 16
557 1751 653 1839 sqq.)
685 1765 752 1812 nec
774 1739 859 1811 illuc
885 1764 948 1812 eas
972 1741 1175 1837 pertinere,
1205 1740 1268 1813 ubi
1288 1743 1397 1816 hodie
1419 1745 1615 1843 leguntur;
1645 1747 1731 1820 item

127 1875 393 1948 admittendum
423 1888 478 1947 est
505 1874 724 1972 quandoque
753 1872 1063 1945 contradictiones
1095 1874 1134 1945 in
1159 1875 1385 1973 Apocalypsi
1409 1876 1647 1975 deprehendi,
1677 1880 1731 1952 uti

126 2036 161 2080 v.
185 2035 242 2108 gr.
260 2036 363 2093 nvnr,
384 2010 408 2079 4
430 2008 554 2105 agitur
576 2007 622 2078 de
647 2005 829 2079 mensuris
846 2005 1053 2078 Sanctuorii
1071 2009 1228 2078 hodierni
1250 2011 1314 2097 (ne,
1343 2013 1436 2100 1199)
1453 2010 1540 2083 dum
1554 2013 1731 2110 templum

127 2143 288 2214 dirutum
313 2167 394 2215 esse
417 2140 648 2239 supponitur,
667 2163 760 2238 quae
783 2138 892 2210 simul
914 2163 1121 2238 repugnare
1146 2138 1317 2212 videntur
1344 2142 1490 2215 illorum
1510 2146 1728 2230 sententiae,
1822 2194 1833 2217 .

127 2276 190 2373 qui
223 2276 356 2347 librum
396 2275 492 2346 hunc
528 2285 612 2370 post
652 2272 881 2345 eversionem
915 2271 1042 2370 templi
1080 2272 1329 2371 conscriptum
1368 2301 1450 2348 9999
1489 2278 1727 2363 contendunt,

126 2409 214 2479 dnm
232 2409 388 2480 maxima
408 2407 491 2479 libri
510 2431 596 2505 pars
619 2405 712 2477 hanc
733 2405 904 2504 suggerit
923 2403 1153 2477 sententiam.
1179 2407 1306 2505 Longe
1327 2408 1398 2480 alia
1423 2421 1546 2482 tamen
1564 2411 1730 2508 quaestio

127 2555 197 2626 est,
220 2567 266 2613 an
286 2566 331 2613 ex
350 2539 530 2613 eiusmodi
549 2567 567 2608 (ι
586 2539 717 2611 erratis
740 2566 825 2608 r-
848 2563 1001 2635 quorum
1022 2549 1150 2610 auctor
1176 2552 1338 2611 ceterum
1360 2540 1554 2638 ignoratur
1575 2585 1623 2598 —
1645 2569 1731 2617 sen-

126 2675 243 2746 tentia
269 2674 486 2772 complicata
506 2672 658 2745 Charles
682 2673 727 2744 de
754 2671 898 2770 origine
920 2670 1003 2743 libri
1031 2671 1275 2744 demonstrari
1300 2674 1438 2770 possit;
1469 2675 1600 2748 saltem
1628 2702 1730 2775 spec·

125 2821 203 2880 tata
218 2807 477 2879 insufficientia
490 2806 664 2878 materiae
681 2804 830 2877 criticae
848 2816 924 2876 tota
938 2803 1134 2876 methodus
1150 2803 1303 2876 Charles
1320 2807 1482 2902 speciem
1503 2812 1730 2908 argutiarum

127 2965 216 3038 prae
240 2965 280 3011 se
308 2940 389 3012 fort.
417 2983 458 2992 -
494 2943 593 3011 Inter
626 2938 863 3022 recentiores,
890 2949 930 3009 ut
957 2936 1139 3023 noverim,
1165 2936 1268 3010 solus
1302 2937 1541 3013 Friedlttnder
1568 2941 1729 3016 defendit

125 3076 243 3170 Apoc.
276 3073 421 3146 Baruch
454 3084 539 3144 ante
569 3071 797 3144 eversionem
825 3069 971 3168 templi,
997 3082 1162 3167 tempore
1192 3071 1333 3144 scilicet
1364 3073 1514 3170 Pompei
1546 3088 1730 3149 exaratam

127 3231 224 3291 9999,
248 3219 400 3278 eventus
424 3206 604 3290 funestos,
628 3205 673 3277 ad
694 3229 788 3302 quos
812 3202 949 3276 ibidem
968 3203 1143 3276 continuo
1164 3204 1353 3298 alluditur,
1376 3206 1537 3279 referens
1563 3208 1609 3279 ad
1637 3223 1730 3281 tem-

127 3339 273 3436 pluma
303 3339 477 3411 Romanis
504 3338 568 3411 illo
600 3351 765 3434 tempore
797 3337 1047 3435 profanatum;
1075 3362 1142 3409 nec
1169 3349 1292 3409 tamen
1315 3339 1521 3412 sententiae
1551 3366 1639 3414 suae
1671 3368 1730 3416 ra-

126 3473 249 3544 tiones
269 3471 476 3544 accuratius
502 3471 662 3569 exponit.
687 3515 732 3523 -
757 3469 889 3542 Adhuc
912 3469 1113 3541 notandum
1136 3483 1192 3542 est
1217 3470 1424 3568 epistolam,
1450 3498 1559 3571 quam
1586 3477 1729 3548 Baruch

127 3632 260 3690 Lxxvlt,
278 3606 336 3676 la.
357 3607 413 3679 18.
433 3630 473 3677 99
488 3605 534 3676 ad
553 3605 646 3676 duas
658 3603 781 3676 tribus
796 3615 832 3675 et
845 3602 1034 3675 dimidiam
1047 3602 1245 3675 missurum
1261 3629 1342 3678 esse
1354 3605 1562 3703 pollicetur,
1577 3609 1729 3682 Charles

128 3763 212 3848 cum
234 3738 388 3836 epistola
405 3738 582 3811 canoniea
601 3737 828 3810 identificare
852 3735 959 3822 velle,
986 3761 1078 3833 quae
1101 3737 1138 3807 in
1160 3736 1320 3810 editione
1345 3738 1510 3839 Vulgata
1525 3741 1571 3813 ad
1592 3740 1729 3814 calcem

128 3871 348 3967 scriptorum
380 3872 554 3944 Ieremiae
581 3870 750 3969 apposita
779 3881 849 3955 991,
880 3881 920 3941 91
950 3870 1078 3942 eadem
1107 3869 1168 3955 sit,
1191 3897 1300 3968 quam
1331 3873 1476 3944 Baruch
1499 3873 1545 3945 ad
1575 3874 1665 3945 luda
1693 3887 1729 3946 et

128 4003 321 4076 Beniamin
345 4005 528 4077 direxerit.
557 4007 787 4102 Argumenta
812 4015 988 4085 ceterum,
1015 4027 1108 4100 quae
1131 4003 1177 4075 ad
1198 4004 1432 4103 hypothesim
1458 4006 1729 4105 hancproban-

128 4137 214 4208 dam
232 4163 285 4230 op.
307 4140 364 4209 cit.
382 4163 470 4236 pag.
493 4165 561 4208 cxv
582 4136 762 4235 congerit,
782 4135 909 4207 tenuia
928 4134 1036 4207 nimis
1057 4149 1143 4207 sunt
1163 4160 1230 4208 nec
1252 4137 1452 4235 quidquam
1471 4140 1627 4238 probare
1647 4165 1730 4213 cen-

129 4270 245 4342 senda
261 4283 365 4355 sunt;
388 4297 473 4343 nam
496 4273 529 4366 1)
552 4283 636 4368 9991
657 4269 934 4367 inscriptionem
949 4269 1164 4366 prophetiae
1181 4271 1325 4343 Baruch
1341 4297 1372 4343 c.
1398 4299 1423 4342 1.
1448 4272 1538 4343 nihil
1554 4274 1725 4356 occurrit,

129 4403 228 4500 quod
261 4417 440 4502 suggerat
475 4403 669 4502 epistolam
706 4402 920 4474 canonicam
959 4427 1041 4473 cum
1080 4401 1293 4500 apocalypsi
1336 4405 1481 4476 Baruch
1516 4406 1725 4479 cohaerere.

129 4536 327 4632 Prophetia
361 4537 484 4635 potius
514 4537 657 4609 Baruch
699 4534 744 4607 ab
781 4547 929 4608 auctore
964 4535 1036 4633 ipsi
1076 4535 1168 4634 ttegi
1197 4537 1390 4610 lechoniao
1429 4538 1614 4635 praelecta
1646 4564 1728 4611 esse

129 4670 280 4754 dicitur3
310 4683 490 4770 repugnat
512 4670 626 4769 igitur
648 4668 817 4768 tempori,
841 4695 913 4767 quo
936 4682 1064 4742 auctor
1086 4669 1362 4768 apocalypseos
1379 4696 1473 4769 opus
1497 4697 1604 4743 suum
1626 4698 1727 4745 com-

129 4803 299 4901 posuisse
327 4805 466 4876 statuit.
494 4806 529 4898 2)
558 4804 691 4902 Nequit
716 4803 903 4902 explicari,
931 4803 1055 4875 curin
1079 4803 1242 4875 licclesia
1269 4828 1403 4901 graeca
1431 4804 1627 4902 Prophetia
1657 4809 1729 4877 Ba-

131 4936 221 5007 ruch
259 4938 515 5010 auctoritatem
539 4937 753 5010 eanonicam
778 4936 911 5033 adepta
941 4935 1002 5019 sit,
1029 4961 1102 5008 non
1132 4961 1217 5009 vero
1245 4936 1412 5035 Epistola
1437 4939 1484 5010 ad
1508 4962 1638 5010 novem
1667 4938 1731 5010 tri·

130 5070 200 5142 bus
220 5082 256 5142 et
280 5070 481 5156 dimidiam,
510 5097 592 5142 cum
615 5084 792 5168 utraeque
818 5069 864 5141 ad
894 5068 991 5141 idem
1025 5093 1119 5166 opus
1142 5068 1396 5165 pertinuerint.
1427 5072 1463 5166 3)
1498 5070 1665 5143 Psalmus
1694 5098 1728 5141 ιιι

133 5203 340 5276 Salomonis
375 5204 450 5276 lere
481 5204 593 5276 verbo
624 5217 731 5276 tenus
769 5201 901 5300 repetit
930 5214 1040 5299 caput
1066 5229 1089 5272 v
1118 5203 1335 5299 Prophetiae
1371 5204 1528 5284 Baruch,
1560 5228 1627 5275 nec
1658 5203 1729 5276 dici

131 5350 253 5435 potest
279 5351 465 5409 auctorem
493 5313 711 5435 Prhphetiae
734 5335 847 5408 verba
877 5335 1009 5432 psalmi
1039 5335 1286 5433 excerpsisse;
1316 5335 1451 5408 etenim
1474 5362 1510 5407 v.
1542 5338 1576 5407 8.
1604 5349 1731 5408 auctor

132 5471 269 5543 Psalmi
285 5483 365 5543 orat
381 5474 512 5557 Deum,
530 5483 570 5542 ut
593 5469 714 5542 onmia
734 5468 913 5568 perficiat,
933 5493 1025 5565 quae
1046 5468 1090 5540 de
1112 5467 1226 5540 lsrael
1244 5482 1280 5540 et
1301 5467 1500 5540 Ierusalem
1515 5469 1732 5566 promiserat

131 5616 169 5676 et
189 5629 255 5701 per
278 5629 410 5677 nomen
435 5616 603 5677 sanctum
624 5629 729 5676 suum
757 5602 871 5675 lsrael
896 5601 1031 5700 erigat;
1054 5600 1170 5699 liquet
1196 5601 1310 5700 igitur
1333 5600 1445 5673 verba
1467 5601 1732 5674 versiculorum
