3884 6316
833 439 1089 506 PRAEFATIO.
1682 455 1759 512 1370

235 609 275 678 ln
302 605 366 679 illo
396 617 499 679 textu
530 618 588 678 sat
616 617 741 703 aperte
767 603 987 702 designatur
1012 603 1104 677 liber
1132 615 1259 692 noster
1287 632 1295 675 ε
1326 608 1473 686 larchas
1505 609 1602 681 enim
1633 608 1757 682 docuit

158 730 401 830 Apollonium
423 759 440 801 a
458 733 625 802 rationem
645 731 913 824 appellationum
935 754 1021 824 quas
1041 731 1109 799 aits
1130 733 1349 823 parasium
1370 757 1440 803 erro
1458 763 1475 799 »
1500 745 1663 807 noverat.
1683 735 1756 808 Sed

158 869 261 929 totus
286 868 342 929 est
368 854 460 928 liber
479 868 605 928 noster
629 852 667 926 in
683 853 862 927 tradendo
889 852 1155 952 appellationes
1175 854 1408 953 gratissimas
1433 856 1512 929 Diis
1536 858 1633 930 etin
1651 883 1756 932 asse-

164 979 281 1053 rendo
312 980 435 1053 omnia
472 978 627 1052 feliciter
667 989 842 1052 eventura
875 976 929 1049 illi
957 977 1018 1075 qui
1050 977 1143 1050 tales
1174 978 1439 1077 appellationes
1461 980 1623 1080 proferre
1649 995 1755 1081 potc-

161 1104 222 1178 rit.
251 1108 349 1178 llaec
375 1103 522 1203 quidem
549 1101 761 1188 vanissima,
788 1126 834 1174 ne
861 1101 980 1174 dicam
1004 1100 1156 1191 absona,
1181 1114 1280 1189 sunt,
1306 1102 1491 1177 sedidem
1516 1105 1669 1180 innuere
1699 1108 1755 1180 vi-

161 1230 270 1302 detur
289 1230 445 1327 ipsemet
472 1226 715 1301 Philostrates
744 1226 871 1299 dicens
893 1254 901 1298 :
926 1254 943 1296 «
970 1228 1027 1297 scd
1052 1253 1111 1321 epo
1131 1239 1300 1299 astrorum
1324 1231 1512 1314 scientiam,
1530 1243 1629 1326 atque
1652 1235 1753 1304 talem

159 1357 344 1426 divinandi
365 1366 474 1425 artem
499 1377 647 1438 omnem,
671 1355 841 1423 humanae
865 1365 1013 1423 naturae
1038 1366 1143 1424 metas
1169 1354 1326 1424 enomere
1342 1368 1442 1447 puto,
1469 1367 1500 1426 et
1526 1367 1639 1427 utrum
1657 1359 1753 1450 preir-

158 1485 258 1574 piam
277 1503 355 1550 cere
370 1482 481 1573 ipsam
498 1481 639 1559 nouerit,
657 1478 766 1547 erese-io
784 1506 816 1546 ».
836 1476 986 1548 Fatetur
1001 1501 1091 1575 ergo
1105 1475 1345 1549 Philostrates
1358 1477 1594 1575 Apollonium
1610 1504 1753 1554 errasse

160 1626 281 1701 neque
315 1601 535 1700 cognovisse
565 1613 681 1674 artem
715 1598 921 1685 divinandi,
955 1624 1046 1698 ergo
1083 1599 1241 1698 ineptias
1270 1625 1422 1699 operum
1447 1600 1562 1687 illius,
1591 1603 1687 1677 sicut
1716 1617 1753 1678 et

163 1751 246 1813 nos,
268 1726 443 1800 detexit'.
467 1724 573 1800 Unde
598 1724 841 1798 Philostrates
859 1724 1005 1798 videtur
1028 1722 1161 1797 librum
1185 1736 1351 1798 nostrum
1370 1723 1568 1825 designare
1586 1741 1623 1800 et
1649 1727 1753 1801 falsi·
1799 1789 1802 1796 .

156 1850 248 1925 tatis
264 1894 310 1906 —
323 1864 364 1924 ut
383 1874 541 1948 aequum
559 1862 617 1923 est
631 1894 677 1904 —
694 1848 920 1933 insimulare,
941 1873 983 1921 ac
998 1847 1151 1947 proinde
1165 1847 1258 1922 liber
1272 1848 1334 1922 ille
1354 1851 1585 1925 necessarius
1605 1851 1752 1925 omnino

157 1977 207 2049 ad
228 1974 468 2048 illustrandos
486 1986 611 2048 textus
629 1973 777 2047 loannis
799 1971 967 2057 Malalae,
985 1985 1020 2046 et
1040 1972 1245 2057 Anastasii,
1267 1973 1489 2047 Antiocheni
1507 1976 1750 2074 patriarchae,

156 2114 195 2174 et
231 2098 388 2174 Cedreni
419 2099 563 2172 videtur
597 2098 770 2198 cognitus
809 2098 925 2170 luisse
949 2121 971 2169 a
999 2095 1221 2170 Philostrate
1244 2109 1281 2169 et
1308 2097 1360 2171 ita
1392 2079 1585 2197 provenire
1612 2100 1671 2173 vel
1705 2100 1751 2173 ab

154 2225 315 2325 ipsomet
328 2222 526 2323 Apollonio
544 2223 602 2295 vel
626 2223 757 2296 saltem
779 2221 943 2321 aprimis
965 2221 1045 2294 eius
1069 2219 1261 2319 discipulis
1279 2221 1355 2319 qui,
1377 2221 1473 2297 sicut
1492 2223 1748 2322 Moeragenes,

155 2348 432 2423 accusationem
457 2347 601 2447 magiae
630 2372 697 2446 pro
721 2345 867 2418 illorum
891 2345 1070 2444 magistro
1094 2370 1167 2418 non
1195 2345 1492 2419 reformidabant.
1519 2349 1595 2420 lam
1619 2362 1752 2446 quarto

154 2472 317 2553 saeculo,
342 2484 384 2546 ut
408 2471 572 2546 ostendit
596 2473 728 2560 lamas,
754 2471 940 2543 horarium
963 2482 1089 2543 notum
1109 2469 1244 2543 eratin
1268 2469 1424 2544 ecclesia
1447 2470 1600 2545 latina².

231 2597 439 2671 Notandum
454 2609 577 2669 tamen
596 2596 744 2668 codices
763 2607 909 2668 nostros
925 2593 1185 2668 additamentis
1198 2608 1234 2668 et
1249 2595 1574 2695 suppressionibus
1591 2611 1745 2672 scatere.

154 2724 212 2795 lta
237 2748 269 2793 v.
300 2747 338 2821 g.
367 2721 484 2795 codex
509 2719 571 2793 ille
596 2722 625 2792 B
656 2719 759 2793 addit
786 2719 1049 2818 Verincipere
1075 2718 1113 2791 in
1141 2718 1283 2793 decimo
1315 2719 1423 2793 tertio
1452 2722 1574 2794 Martii
1595 2722 1745 2796 mensis.

155 2850 235 2920 Hoc
256 2844 403 2919 evenire
426 2870 500 2918 non
521 2844 642 2944 potuit
670 2844 742 2917 nisi
767 2858 852 2918 ante
879 2843 1173 2917 reformationem
1195 2844 1473 2943 Gregorianam‚
1497 2845 1595 2918 circa
1616 2872 1750 2919 anunm

160 2971 269 3045 1300.
293 2969 360 3044 His
385 2969 492 3042 annis
513 2994 725 3044 revererer
749 2968 948 3067 incipiebat
969 2967 1007 3040 in
1029 2967 1171 3041 decimo
1190 2968 1300 3041 tertio
1319 2969 1442 3041 Martii
1464 2969 1524 3066 (ei.
1549 2974 1653 3062 infra,
1678 2971 1748 3044 col.

158 3095 280 3187 1375).
308 3093 433 3167 Codex
455 3096 489 3167 A
515 3093 657 3167 addidit
682 3118 810 3193 preces
839 3092 1017 3188 quasdam
1036 3117 1118 3165 cum
1145 3091 1428 3166 reminiscentiis
1452 3093 1661 3192 Scripturae
1685 3096 1745 3187 (cl.

151 3224 260 3311 infra,
285 3217 353 3292 col.
381 3218 501 3311 1383).
524 3217 748 3313 Quinimmo
768 3218 925 3316 scriptor
944 3216 1093 3316 quidam
1114 3216 1247 3289 litteris
1271 3216 1452 3291 hebraicis
1466 3242 1576 3291 voces
1595 3243 1750 3318 graecas

158 3343 342 3442 expressit
378 3356 419 3415 ut
446 3351 583 3440 νόσημα,
609 3345 728 3441 ripor',
758 3339 937 3440 δράκοντες,
967 3354 1117 3440 σκορπίοι,
1144 3346 1242 3439 ὄφεις,
1276 3339 1407 3438 δένδρων
1438 3354 1487 3414 καὶ
1521 3348 1666 3440 inpastus
1699 3347 1751 3414 καὶ

154 3465 310 3566 δορατίων
329 3467 399 3561 (Cf.
423 3471 529 3560 infra,
554 3469 617 3553 lV,
635 3470 682 3552 V,
700 3478 915 3565 apparatum
932 3464 1125 3559 criticum).

686 3724 749 3796 lV.
780 3729 825 3795 lle
850 3727 998 3815 sutilibus
1022 3726 1207 3819 Apollonii.
1311 3753 1316 3764 ·

223 3929 261 4001 Si
281 3929 373 4001 fides
389 3928 543 4011 auctori,
566 3940 725 4026 quatuor
739 3927 855 4001 libros
879 3927 924 4000 ad
948 3952 1095 4000 manum
1111 3927 1277 4015 habuit⁸3
1300 3942 1397 4002 certe
1423 3939 1627 4027 quartum«
1649 3926 1747 4001 circa

150 4052 441 4127 incantationem
466 4065 717 4125 ereaturarum
747 4080 764 4121 n
791 4051 849 4123 hie
877 4051 1100 4151 compilavit.
1126 4054 1220 4125 Sunt
1243 4052 1392 4152 quidem
1416 4052 1564 4125 nomina
1588 4052 1745 4125 hebraea

149 4177 218 4250 sed
245 4176 356 4251 etiam
379 4176 559 4276 permulta
585 4174 673 4265 alia,
695 4175 793 4250 unde
812 4175 858 4248 ab
888 4175 1047 4250 hebraeo
1067 4175 1165 4249 lonte
1193 4176 1273 4249 solo
1296 4175 1453 4250 derivari
1477 4200 1550 4251 non
1573 4190 1742 4276 possunt.

146 4352 232 4417 alios
246 4353 346 4417 libros
361 4351 519 4431 scribere;
533 4373 619 4428 narn,
636 4353 761 4416 edoma
776 4372 834 4415 sua
849 4351 1032 4436 egrediens,
1049 4351 1186 4415 assumit
1201 4371 1309 4415 secum
1325 4352 1404 4415 duos
1416 4362 1540 4416 tantum
1556 4352 1740 4415 ministros:

141 4465 157 4521 t
174 4461 223 4540 pls
243 4463 269 4527 a
284 4461 366 4542 τάχος
383 4461 540 4546 ¹pateant
559 4462 586 4521 n
608 4464 634 4528 l<
647 4461 743 4528 κάλλος
758 4459 792 4539 (ι,
809 4463 857 4536 13,
874 4457 925 4520 ed.
939 4458 976 4520 F.
993 4457 1164 4535 Morellus;
1181 4458 1206 4534 l,
1226 4465 1273 4534 18,
1290 4458 1342 4524 ed.
1359 4458 1504 4541 Kayser).
1519 4458 1568 4522 Ad
1589 4459 1665 4542 quid
1684 4458 1743 4534 illi,

149 4585 235 4630 unus
251 4565 510 4650 Tachigraphus,
525 4566 606 4629 alter
621 4564 861 4648 calligraphus,
876 4564 938 4627 nisi
950 4564 991 4625 ad
1008 4564 1127 4628 multos
1139 4565 1239 4628 libros
1254 4565 1462 4629 scribendos?

205 4680 232 4734 1.
267 4672 344 4736 lnde
357 4671 582 4749 Philostrates,
599 4692 671 4734 curn
683 4671 763 4734 artis
777 4671 923 4755 magicae
938 4671 1169 4735 absurditatem
1183 4681 1339 4750 nosceret,
1354 4678 1441 4733 totus
1455 4670 1488 4733 in
1503 4691 1540 4735 eo
1553 4671 1613 4734 luit
1625 4681 1661 4735 ut
1671 4693 1744 4755 pro·

146 4779 242 4842 haret
253 4778 461 4863 Apollonium
477 4798 608 4862 magum
626 4798 690 4841 non
705 4778 814 4841 luisse.
832 4778 877 4840 Ea
897 4778 936 4840 de
958 4798 1055 4841 causa
1073 4778 1261 4861 lloeragcni
1275 4777 1370 4840 fidem
1385 4798 1449 4841 non
1468 4779 1581 4842 tribuit
1596 4779 1671 4863 quia
1689 4779 1742 4842 ille
1857 4801 1858 4804 ¹

142 4923 185 4932 -
199 4895 235 4949 ut
253 4894 392 4949 testatus
407 4894 458 4948 cst
470 4885 643 4970 Origenes,
659 4905 763 4967 supra
777 4883 838 4946 col.
858 4888 934 4947 1364
949 4920 988 4930 -
1002 4884 1154 4947 narrabat
1167 4885 1331 4967 plurimos
1349 4905 1409 4947 nee
1424 4886 1582 4969 ignobiles
1591 4887 1740 4968 philoro-

136 4992 230 5077 pltos
248 4995 382 5076 magica
394 4992 569 5075 Apollonii
579 5002 654 5053 arte
668 5004 781 5075 captos
796 4994 902 5073 fuisse
919 5004 951 5053 et
965 4990 1012 5053 ad
1027 5012 1100 5054 eum
1121 4996 1220 5074 quasi
1236 4993 1283 5055 ad
1298 4996 1536 5055 incantatorem
1555 4996 1738 5055 ventitasse.

138 5097 210 5161 Hae
242 5097 324 5161 lorte
355 5097 554 5161 narrationes
586 5097 791 5183 Moeragenis
828 5107 1044 5181 pervenerunt
1069 5100 1109 5160 ad
1139 5097 1334 5161 Domninnm
1365 5098 1454 5160 illum
1483 5117 1578 5181 quem
1607 5097 1740 5161 loannes

136 5203 279 5268 Malalas
295 5203 456 5288 excerpsit
468 5205 592 5287 (Supra
607 5204 668 5267 col.
687 5206 788 5286 1367).

199 5315 229 5373 2.
249 5309 332 5374 Nam
347 5310 465 5373 citatur
479 5333 498 5373 a
512 5310 624 5374 Niceta
637 5311 841 5403 Remesiana.
860 5311 909 5375 cf.
926 5311 1074 5374 Journal
1087 5316 1124 5393 os
1141 5310 1251 5373 Tltcol.
1264 5311 1399 5390 studies,
1418 5315 1506 5386 1906,
1524 5331 1557 5394 p.
1575 5316 1644 5375 562.

196 5422 227 5482 3.
242 5418 317 5501 νίρον
338 5417 371 5479 in
392 5418 568 5496 recentiore
588 5438 706 5503 graeco
723 5437 839 5501 aquam
862 5417 1047 5501 significare
1070 5426 1207 5480 testatur
1226 5416 1443 5494 Montlaucon,
1466 5417 1738 5502 Palaeograplu'a

124 5543 270 5610 graeca,
288 5523 434 5600 Parisiis,
454 5529 541 5599 1708,
556 5546 587 5607 p.
605 5531 674 5587 375.

197 5634 227 5692 l.
243 5630 294 5693 Cf.
308 5632 412 5713 infra,
429 5630 490 5694 col.
507 5635 594 5693 1372.
