3884 6316
134 404 211 462 1213
233 368 238 375 .
535 397 592 460 DE
616 397 826 463 EPISTOLA
849 395 1022 462 BARUCll
1046 395 1320 461 APOCRYPllA.

26 608 28 612 -
133 564 388 655 (habitationem
404 560 500 656 sto-o)
517 559 623 633 vobis
644 560 776 633 solatio
796 559 910 633 inisse
929 585 1005 632 non
1024 559 1196 633 obstante
1215 556 1381 641 tristitia,
1405 581 1477 654 qua
1495 582 1563 629 vos
1584 556 1729 629 exilium

132 694 267 769 allecit.

181 830 247 916 Vl,
265 829 301 900 2.
321 839 462 922 peccato
481 830 592 921 erant]
610 825 732 925 recepi
751 825 946 900 lectionem
963 852 999 910 03
1017 825 1133 899 altera
1151 824 1261 898 lectio
1281 834 1454 897 contextu
1470 836 1639 921 spectato
1655 849 1729 896 ma-

134 985 244 1060 gnam
261 959 559 1058 probabilitatem
578 960 822 1059 praesefert,
841 984 926 1034 nam
940 988 1048 1042 μψ,
1063 984 1150 1053 quoe
1168 961 1257 1030 claro
1272 961 1430 1055 (patrata
1449 959 1550 1052 sunt)
1573 956 1731 1055 paralle-

133 1093 239 1166 lismo
264 1092 510 1166 membrorum
534 1093 672 1191 optime
699 1091 888 1178 convenit3
916 1104 1078 1164 attamen
1103 1090 1218 1165 altera
1243 1088 1352 1165 lectio
1376 1089 1618 1189 grammatice
1641 1090 1731 1162 falsa

134 1239 203 1313 cst,
222 1224 317 1298 adde
335 1264 384 1301 000.
399 1226 445 1298 ad
464 1254 582 1310 μμ.
600 1224 845 1299 probabiliter
862 1249 951 1298 vera
971 1224 1205 1325 genuinoque
1227 1222 1337 1297 lectio
1358 1236 1437 1296 erat
1455 1262 1504 1299 ees
1518 1252 1642 1307 μῳς,
1662 1224 1730 1298 nisi

134 1359 226 1432 forte
241 1358 351 1431 lectio
365 1386 387 1428 ο
401 1358 585 1458 antiquior
600 1358 649 1432 sit
664 1384 708 1431 ex
723 1384 794 1458 qua
808 1397 857 1434 ees
867 1387 975 1442 moa
989 1371 1026 1432 et
1045 1357 1191 1431 demum
1206 1385 1314 1440 ustos
1328 1369 1449 1433 ortum
1468 1356 1531 1443 sit,
1549 1357 1602 1429 ita
1622 1357 1731 1430 conii-

134 1491 253 1565 ciente
273 1505 424 1564 auctore
441 1491 667 1565 recensionis
681 1496 727 1564 Φ.

206 1626 271 1708 Vl,
298 1624 356 1698 13.
380 1631 503 1697 Tumor
522 1627 695 1720 elationis]
720 1635 867 1724 recepta
891 1625 1048 1698 lectione
1069 1653 1092 1695 ο
1108 1648 1224 1722 eaque
1250 1633 1432 1707 correcta;
1457 1621 1550 1720 legit
1576 1646 1732 1720 namque

133 1778 234 1832 tautae
249 1775 311 1826 μιν
323 1771 435 1830 tumor
446 1761 680 1853 puerilitatis,-
697 1758 767 1831 hoc
784 1771 907 1831 autem
926 1756 1071 1832 admitti
1091 1756 1232 1855 nequit,
1252 1781 1337 1829 nam
1351 1784 1414 1836 aa,
1433 1755 1529 1828 unde
1548 1769 1733 1855 sumptum

135 1891 254 1963 subst.
277 1920 371 1968 ιωιυ
390 1891 451 1963 vix
473 1890 667 1990 reperitur,
694 1917 860 1990 puerum,
884 1891 1069 1965 hominem
1094 1890 1307 1989 simplicem.
1325 1888 1510 1987 designat,
1536 1914 1604 1964 nec
1634 1889 1734 1962 notio

134 2053 188 2102 a»
201 2048 247 2096 ex
259 2037 380 2096 mente
395 2027 571 2122 Syrorum
586 2024 699 2097 ullam
717 2024 872 2098 includit
887 2023 1115 2123 superbiam3
1135 2023 1249 2123 igitur
1265 2036 1408 2097 retento
1427 2051 1490 2102 tm.
1508 2049 1593 2097 cum
1609 2029 1642 2093 Φ
1660 2023 1733 2122 legi

136 2183 268 2239 ιωιως.
290 2156 414 2231 Lectio
434 2157 582 2254 quaein
602 2156 791 2231 codicibus
807 2157 958 2256 reliquis
973 2156 1157 2231 invenitur
1176 2185 1264 2248 arat,
1285 2183 1350 2256 per
1368 2184 1406 2232 se
1427 2160 1575 2259 quidem
1597 2159 1734 2255 impro-

136 2288 268 2362 babilis
295 2314 368 2363 non
397 2303 467 2375 est,
499 2301 662 2364 attamen
695 2290 924 2364 antithesis:
958 2306 1070 2364 tamor
1089 2294 1250 2366 elationis
1275 2334 1326 2347 -
1352 2296 1560 2380 humiliatio,
1592 2294 1734 2365 &doctor

136 2421 322 2495 contextui
347 2422 480 2507 melius
504 2423 615 2510 iavet,
633 2449 743 2521 quam
758 2428 913 2519 potentio
940 2427 1100 2497 elationis
1120 2465 1166 2478 -
1188 2426 1396 2512 briatt'liatt'o,
1422 2428 1575 2511 dedecet,
1601 2449 1735 2500 sensus

136 2553 233 2629 enim
250 2580 362 2628 sanus
378 2556 502 2655 potins
523 2556 642 2656 exigit
657 2585 744 2648 taran
760 2585 875 2636 tarta„
886 2560 989 2630 elatio
998 2561 1172 2652 potentiae
1187 2557 1386 2658 legendum
1403 2584 1497 2633 esse.

209 2689 309 2776 Vlll‚
336 2689 392 2760 tt.
411 2694 556 2762 mutatio
576 2694 620 2762 od
633 2694 866 2787 resriqcriam]
879 2716 962 2765 enm
982 2689 1171 2764 codicibus
1186 2701 1278 2761 ⁸0ss
1297 2690 1383 2791 lego
1402 2719 1492 2776 rurs,
1512 2718 1607 2791 qnae
1625 2693 1735 2767 lectio

137 2819 215 2893 sola
237 2846 324 2893 vera
348 2835 418 2908 est,
439 2821 534 2895 banc
557 2834 681 2897 autem
705 2848 774 2897 nec
796 2824 950 2903 Charles
970 2849 1037 2897 nec
1065 2824 1210 2922 Ryssel,
1233 2850 1300 2898 nec
1328 2824 1401 2898 iam
1427 2826 1568 2925 antiqui
1589 2826 1735 2901 scribae

138 2953 363 3028 intellexisse
383 2954 570 3045 videntur,
588 2955 643 3029 nti
664 2956 844 3031 lectiones
865 2956 903 3030 in
923 2972 1053 3042 tim
1075 2956 1315 3030 mutationem
1336 2986 1416 3037 tutet
1439 2962 1475 3031 in
1496 2962 1570 3032 vias
1587 2962 1645 3054 (l),
1663 2975 1735 3030 dot

137 3113 218 3165 thar
239 3088 350 3184 (qnod
370 3088 477 3188 plane
500 3089 700 3163 absurdum
725 3095 794 3187 est)
814 3102 852 3164 et
870 3106 900 3161 h
921 3091 1160 3164 mutationem
1184 3120 1281 3170 tus>
1298 3097 1497 3166 animorum
1518 3094 1729 3168 ostendunt.
