3878 6316
183 388 241 447 680
714 377 959 444 PRAEFATIO
982 419 1021 428 -
1044 380 1184 445 CAPUT
1208 382 1249 446 ll.

256 545 292 614 2.
321 539 487 614 ‘Abdita‘
503 541 699 639 episcopus
716 541 893 615 Sobensis
909 543 1019 615 refert
1036 544 1242 616 Marutham
1261 542 1471 641 episcopum
1488 538 1786 638 Maiphercateu-

184 703 261 750 scm
284 704 301 746 a
319 673 453 747 librum
471 674 727 771 martyriorum
746 702 763 744 r
782 675 1045 773 composuisse.
1064 676 1161 748 Dicit
1181 676 1290 748 enim.

590 853 665 917 teba
680 847 753 912 123&
763 853 872 912 umbo
885 847 986 918 littam
999 848 1057 912 ut,
1071 856 1112 923 ιὸοι,
1122 855 1179 927 >ab
1192 851 1271 912 ittam
1283 843 1364 913 unio
1376 850 1507 916 sense,
1520 842 1663 910 namt
1679 844 1749 909 rttra'o

243 957 403 1021 Maratha
426 960 599 1039 episcopus
617 956 918 1040 Mar'plrcrlratcnsis
941 970 971 1019 ct
992 958 1136 1019 medicus
1151 961 1282 1040 peritus
1306 959 1488 1040 composuit
1513 956 1633 1017 librum
1658 967 1783 1034 marty-

184 1077 270 1136 rium
287 1087 318 1135 ct
331 1072 414 1134 odas
427 1086 457 1134 ct
471 1073 609 1152 hymnos
624 1085 820 1152 martyrum.

261 1220 313 1288 Ex
327 1214 385 1287 his
398 1215 519 1287 verbis
541 1214 718 1300 ‘Abdisa',
735 1240 808 1288 non
829 1215 901 1287 iam
914 1215 1109 1301 coniicere,
1133 1216 1198 1289 sed
1218 1216 1380 1288 divinare
1397 1226 1432 1287 at
1450 1215 1624 1287 hariolari
1639 1213 1785 1286 videtur

185 1349 381 1421 Assemaui
395 1348 522 1420 diceus
539 1375 546 1418 :

263 1513 279 1548 «
309 1487 437 1553 lterum
461 1482 734 1577 [Hymnorumil
752 1489 984 1576 srayrncnturn
1009 1496 1122 1554 exstat
1146 1487 1183 1554 in
1209 1486 1325 1555 laudes
1351 1488 1543 1575 Martyrum
1563 1484 1626 1552 sub
1647 1482 1784 1552 initiunt

190 1644 207 1683 «
237 1618 369 1687 (Iudicis
397 1617 452 1685 Η·
484 1617 687 1699 Nitricnsis;
712 1640 892 1708 caramque
917 1641 1045 1707 nrayna
1069 1640 1153 1709 pars
1174 1619 1299 1711 Officiis
1325 1619 1502 1709 Syrorum,
1535 1617 1785 1686 Maronitarum

190 1777 206 1817 n
236 1751 402 1832 aiilclicct,
430 1749 657 1818 lacahitarunr
681 1760 713 1818 ct
741 1752 1021 1820 lt'estorianorum
1047 1751 1177 1819 inserta
1203 1762 1262 1834 cst,
1288 1761 1388 1842 atquc
1414 1749 1554 1840 hymnis
1585 1749 1781 1840 Ephracnri,

190 1908 206 1948 a
238 1884 350 1952 larabi
387 1881 600 1972 aliarumque
639 1881 689 1950 ita
725 1885 901 1973 permista,
936 1893 974 1951 ut
1014 1884 1110 1952 natta
1145 1888 1214 1975 scre
1251 1883 1377 1952 indicia
1408 1906 1430 1951 a
1458 1882 1601 1973 reliquis
1639 1882 1786 1951 discerni

190 2041 207 2082 a
232 2016 377 2106 possint.
404 2043 421 2078 »

239 2144 419 2243 Imprimis
442 2146 640 2218 notandum
664 2158 721 2218 est
740 2145 852 2218 rerba
877 2146 965 2218 haec
987 2146 1174 2244 sophisma
1200 2146 1397 2220 involvere.
1421 2149 1511 2218 Nam
1527 2145 1558 2217 si
1579 2145 1717 2243 Hymni
1735 2145 1782 2215 illi

188 2276 339 2375 reliquis
358 2278 409 2349 ita
421 2278 587 2376 permisti
601 2290 699 2363 sunt,
727 2289 768 2350 ut
786 2279 945 2351 discerni
964 2291 1162 2376 nequeant,
1178 2279 1288 2365 unde,
1306 2303 1457 2377 quaese,
1473 2278 1574 2350 novit
1589 2278 1780 2350 Assemani

188 2445 250 2491 eos
271 2445 309 2491 re
334 2445 419 2491 vera
443 2419 583 2493 Officiis
610 2419 683 2491 illis
711 2420 869 2492 insertos
894 2423 999 2493 esse?
1019 2424 1130 2493 Porro
1154 2434 1187 2499 ts
1211 2434 1247 2493 et
1265 2434 1352 2499 itus,
1369 2418 1481 2493 verba
1509 2432 1592 2492 sunt
1615 2419 1780 2491 technica

186 2551 450 2624 breviariorum
466 2552 698 2650 Syriacorum
717 2565 752 2624 et
767 2552 978 2652 significant
991 2554 1155 2625 earmina
1169 2553 1307 2638 brevia,
1326 2578 1419 2651 quae
1435 2553 1472 2623 in
1487 2552 1618 2625 officiis
1639 2565 1780 2624 noctur-

186 2684 243 2757 nis
268 2698 304 2757 et
329 2685 469 2756 diurnis
497 2685 779 2784 antiphonarum
803 2686 882 2758 vice
910 2686 1125 2785 iunguntur.
1151 2689 1285 2759 Contra
1315 2686 1432 2758 oratio
1456 2685 1518 2756 illa
1542 2685 1778 2784 panegyrica,

186 2843 294 2915 quam
303 2817 452 2916 respicit
465 2819 673 2905 Asscmani,
694 2818 962 2916 subscriptione
982 2832 1076 2892 teste
1095 2821 1215 2899 ts&
1236 2820 1411 2917 inscripta
1431 2831 1521 2902 erat,
1540 2818 1590 2889 ita
1606 2832 1646 2891 ut
1666 2843 1686 2890 e
1704 2843 1782 2890 ver-

186 2944 242 3018 bis
263 2946 429 3019 ‘Abdiso‘
444 2946 591 3046 probari
607 2947 817 3021 nullatenus
836 2948 953 3045 possit
974 2948 1180 3020 Marutham
1200 2949 1401 3021 orationem
1422 2947 1580 3044 aliquam
1601 2947 1639 3017 in
1657 2947 1783 3019 laudes

186 3092 386 3178 martyrum
411 3080 689 3178 conscripsisse,
713 3080 797 3179 Syri
824 3081 920 3155 enim
941 3081 1009 3152 hoe
1030 3106 1148 3179 genus
1177 3081 1354 3154 orationis
1377 3105 1561 3179 nunquam
1585 3079 1733 3152 nomine
1752 3111 1784 3156 r»

187 3223 249 3283 aut
278 3225 365 3288 stas&
390 3212 648 3312 designabant.
680 3217 874 3312 Pcrpcram
920 3213 1034 3312 igitur
1071 3214 1260 3286 confundit
1292 3214 1486 3286 Assemani
1519 3244 1535 3279 «
1570 3213 1660 3285 odas
1703 3241 1720 3282 s
1750 3228 1785 3286 et

188 3373 205 3414 a
235 3345 391 3443 hymnos
410 3374 426 3415 r
445 3345 635 3418 Maruthae
662 3372 744 3418 cum
769 3371 936 3419 sermone
960 3347 1184 3446 panegyrico
1205 3347 1343 3419 codicis
1365 3346 1498 3444 syriaci
1520 3345 1614 3417 Bibl.
1633 3347 1786 3420 Vatica-

186 3502 253 3549 nae
276 3478 358 3549 llil.

260 3613 429 3684 Ceterum
450 3611 583 3684 similia
606 3625 729 3684 narrat
751 3613 1034 3686 commentarius
1057 3613 1159 3684 Amri
1184 3626 1220 3685 et
1244 3612 1366 3685 Slibae
1387 3613 1432 3685 de
1452 3613 1546 3701 Ahai
1569 3637 1787 3686 successore

187 3744 316 3826 isaaci,
346 3744 539 3830 catholico,
571 3745 741 3843 quicum
770 3772 791 3818 a
821 3746 1021 3845 lendegerd
1051 3771 1139 3845 rege
1162 3745 1199 3817 iu
1227 3744 1414 3817 Persidem
1442 3745 1588 3845 legatus
1615 3760 1715 3819 esset
1740 3749 1788 3819 ad

185 3877 438 3976 componenda
458 3878 639 3976 quaedam
660 3879 784 3978 magni
805 3879 978 3952 momenti
1002 3879 1168 3963 dissidia,
1190 3904 1283 3977 quae
1305 3879 1517 3977 leudegardi
1541 3904 1623 3951 curn
1646 3880 1789 3952 Bihuro

187 4011 336 4109 Saporis
352 4011 441 4096 filio,
461 4036 601 4110 suoque
617 4037 807 4110 germane,
826 4012 987 4085 Persidis
1004 4038 1045 4085 aa
1061 4012 1329 4112 provinciarum
1346 4012 1522 4111 principe,
1542 4027 1784 4095 emerserant,

185 4143 272 4216 illuc
286 4144 515 4241 perveniens,
534 4145 703 4243 expedito
719 4147 870 4243 negotio
886 4145 956 4217 sibi
970 4171 991 4217 a
1007 4171 1094 4244 rege
1112 4145 1334 4228 concredito,
1355 4177 1372 4212 «
1385 4148 1431 4217 ad
1441 4149 1674 4239 perquirenda
1688 4153 1786 4219 Mar-

185 4291 299 4371 tyrum
315 4281 495 4372 sepulchra
519 4304 553 4351 sc
570 4281 743 4364 conca-ar,
761 4283 821 4373 qni
845 4283 1050 4373 martyrium
1066 4283 1164 4372 passi
1185 4292 1293 4351 essent
1316 4282 1377 4350 snb
1393 4282 1529 4372 Sapore,
1554 4283 1781 4373 inaestiyans,

185 4436 286 4503 quarn
319 4415 357 4481 ab
387 4436 526 4483 causam
554 4415 695 4506 quisquc
717 4414 857 4483 illarum
889 4415 1016 4484 accisas
1044 4426 1128 4484 essct
1152 4437 1332 4507 curarique
1362 4414 1500 4505 scripsit
1527 4414 1781 4486 historiamh..

188 4544 232 4613 Et
253 4542 362 4640 paulo
391 4542 486 4615 iufra
518 4571 524 4614 :
556 4575 572 4609 u
596 4547 736 4616 Librum
763 4550 948 4638 composuit
977 4551 1294 4617 cornmentariorunt
1317 4548 1357 4616 dc
1392 4547 1600 4639 martyribus
1623 4548 1785 4618 ccclesias

185 4678 372 4759 orientalia,
399 4679 439 4748 dc
468 4681 589 4769 quibus
620 4681 756 4771 scripsit
787 4681 889 4749 etiarn
921 4681 1042 4748 llarn'cl
1073 4682 1130 4749 ibn
1157 4681 1304 4750 Mariam
1332 4682 1369 4749 in
1399 4681 1542 4750 historia
1577 4681 1634 4749 cui
1662 4704 1782 4750 nomen

188 4836 205 4876 a
234 4811 495 4880 Ecclesiastico*
520 4842 551 4882 ».
576 4813 678 4906 Quae
703 4811 857 4883 assertio
884 4810 987 4882 Amri
1011 4836 1054 4883 eo
1076 4811 1224 4883 maioris
1252 4825 1309 4883 est
1340 4812 1513 4883 momenti
1538 4811 1636 4906 quod
1660 4823 1782 4883 textus

246 5003 255 5042 ¹
274 5002 376 5065 Aliter
388 5013 517 5066 notatus
534 5003 708 5067 Vaticanus
726 5007 826 5087 Syrus
844 5011 909 5068 161.

244 5109 257 5146 ²
274 5110 405 5191 Bedjan,
424 5132 477 5193 ap.
501 5114 567 5185 cit,
584 5120 607 5173 t.
625 5110 664 5185 ll,
684 5116 761 5173 122:
781 5113 893 5174 Sermo
916 5112 969 5174 ille
983 5112 1198 5175 subscribitur
1214 5134 1221 5175 :
1238 5118 1447 5200 plastorum
1466 5124 1507 5173 st
1523 5117 1709 5197 partlm
1722 5117 1781 5199 fh·

183 5227 271 5298 empty
294 5219 350 5291 stri,
373 5231 453 5300 1:235
477 5207 554 5294 rim
577 5243 590 5273 n
611 5219 759 5300 Erpttcn
776 5238 884 5279 sermo
903 5221 1032 5300 primus
1050 5222 1083 5281 in
1104 5218 1220 5281 laudes
1239 5234 1271 5282 et
1288 5223 1441 5283 victorias
1464 5232 1651 5300 martyrum
1673 5233 1782 5282 terrae

187 5323 330 5384 (trientis
348 5350 374 5383 n.
391 5324 517 5405 -Syri
533 5333 638 5386 autem
651 5325 893 5407 inscriptionem
908 5325 981 5387 libri
997 5325 1029 5386 in
1045 5325 1107 5387 fine
1124 5336 1269 5409 repetere
1285 5327 1399 5390 solent.

244 5429 454 5504 ³Gismondi,
482 5429 604 5508 Maris,
626 5429 726 5492 Arnri
748 5445 780 5492 et
807 5431 919 5494 Slibae
938 5431 979 5494 dc
1002 5433 1208 5512 patriarchis
1230 5431 1507 5499 Nestorianorum
1530 5437 1780 5511 commentaria,

184 5534 317 5605 Romae,
338 5540 424 5608 1895,
443 5556 520 5620 pag.
538 5542 588 5600 25.

243 5642 254 5678 “
272 5642 400 5705 Scilicet
415 5641 530 5705 Daniel
543 5641 603 5706 bar
618 5643 798 5707 Tubanita‘t
813 5644 858 5707 sic
872 5644 910 5708 ll.
928 5645 1043 5725 Durat,
1060 5668 1112 5727 op.
1130 5649 1196 5727 cit,
1212 5667 1244 5729 p.
1261 5650 1329 5710 235.
