3884 6316
281 1113 285 1119 .
410 1031 484 1125 BE
516 1029 798 1126 EPISTOLA
829 1031 1065 1127 BARUCH
1098 1032 1447 1130 APOCRYPHA

202 1724 261 1796 Ad
287 1737 426 1798 textum
458 1723 634 1823 epistolae
663 1724 772 1798 huius
797 1724 1089 1823 componendum
1109 1723 1261 1797 materia
1281 1723 1344 1797 illa
1360 1723 1488 1797 critica
1506 1724 1565 1797 usi
1586 1751 1725 1812 sumus,

129 1881 237 1954 quam
267 1862 427 1931 Carioni*
451 1869 488 1931 et
519 1860 683 1930 Cborles²
709 1870 989 1964 congesserunt.
1021 1857 1233 1931 Auctoritas
1263 1857 1410 1954 quidem
1440 1857 1607 1931 codicum
1636 1885 1728 1958 quos

129 1989 280 2063 Charles
299 1991 453 2064 contulit
478 2016 613 2090 magna
640 2016 713 2063 non
738 2004 812 2075 est;
830 1991 976 2090 plurimi
999 1990 1096 2064 enim
1121 1991 1281 2076 codices,
1304 2016 1397 2090 quos
1417 1991 1585 2078 contulit,
1606 2017 1727 2066 recen-

128 2123 232 2195 tioris
256 2125 388 2197 aetatis
410 2136 512 2212 sunt3
536 2123 647 2198 utiles
659 2137 796 2198 'tamen
821 2136 920 2210 sunt,
943 2124 1029 2223 quia
1050 2123 1242 2197 historiam
1265 2136 1388 2199 textus
1410 2123 1599 2224 Epistolae
1620 2125 1729 2199 illus-

129 2267 227 2328 trant
255 2270 291 2329 et
318 2257 524 2331 certissime
555 2257 756 2331 ostendunt
784 2269 925 2331 textum
954 2257 1051 2356 apud
1082 2260 1195 2356 Syros
1225 2258 1262 2330 in
1296 2282 1365 2331 usu
1395 2258 1579 2331 communi
1608 2258 1729 2331 eecle-

129 2389 278 2462 siastico
298 2389 504 2483 adhibitum
528 2390 575 2464 ad
600 2416 709 2463 unam
736 2391 989 2464 recensionem
1007 2391 1205 2490 pertinere,
1229 2403 1265 2464 et
1289 2390 1325 2463 in
1348 2390 1623 2489 comparatione
1646 2417 1728 2464 cum

127 2534 230 2593 textu
246 2523 417 2623 neglecto
435 2553 457 2595 ο
472 2523 610 2597 codicis
626 2524 860 2597 Ambrosiam
880 2523 1039 2624 vestigia
1054 2538 1180 2623 aperta
1194 2523 1460 2596 lucubrationis
1476 2523 1625 2598 criticae
1640 2549 1728 2623 prae

128 2680 168 2727 se
188 2655 296 2729 serre.
319 2657 475 2732 Codices
505 2657 636 2731 iisdem
662 2657 770 2756 siglis
792 2684 833 2729 ac
861 2656 1013 2731 Charles
1042 2669 1243 2729 notamus:

200 2817 225 2858 a
250 2790 346 2889 apud
365 2790 511 2864 Ceriani
531 2813 574 2879 n,
599 2790 771 2863 nimirum
787 2790 942 2863 alterum
962 2789 1147 2888 exemplar
1165 2788 1343 2888 epistolae
1363 2789 1400 2860 in
1421 2787 1556 2863 Codice
1576 2788 1730 2862 Ambro-

128 2920 231 2994 siano
249 2922 312 2998 fol.
334 2923 404 2996 176
422 2936 507 3021 post
536 2924 738 3022 Epistolam
761 2924 906 2996 Baruch
929 2922 1143 2997 eanonicam
1162 2922 1323 3022 positum
1346 2920 1511 2995 eiusdem
1533 2921 1665 2994 aetatis
1687 2948 1729 2994 ac

126 3083 161 3138 e,
184 3080 313 3154 nempe
334 3082 431 3130 saec.
455 3084 504 3130 vr.

200 3203 226 3258 Ιι
250 3190 375 3264 Codex
400 3191 541 3264 Musaei
570 3190 772 3263 Britannici
796 3190 893 3263 Add.
933 3190 1079 3276 12105,
1106 3189 1169 3262 101.
1201 3189 1379 3262 llo-121·
1406 3187 1444 3259 in
1470 3187 1528 3261 ed.
1561 3189 1729 3290 Lagarde

128 3321 343 3420 impressus,
360 3349 457 3397 saec.
479 3351 529 3396 vr.

201 3485 224 3525 e
248 3456 348 3530 ldem
368 3457 483 3530 codex
502 3457 782 3543 Ambrosianus,
803 3457 865 3529 fol.
889 3455 1105 3543 2651-9671,
1123 3455 1186 3554 qui
1206 3455 1316 3530 etiam
1334 3484 1361 3526 ιι
1378 3457 1526 3532 exhibet
1550 3467 1587 3530 et
1609 3455 1726 3554 ipsam
1919 3433 1923 3441 ⁵

130 3590 393 3689 Apoealypsim
415 3590 573 3667 Barucb.

202 3737 228 3791 ιι
255 3724 380 3797 Codex
401 3724 494 3797 alter
505 3724 773 3797 Ambrosianus
789 3724 835 3810 A,
861 3724 942 3811 145,
960 3723 1024 3796 inl.
1047 3748 1145 3796 saec.
1168 3749 1257 3794 xvn.

204 3884 226 3926 e
254 3857 378 3930 Codex
398 3860 481 3957 Syr.
505 3856 737 3955 Bodleyanus
756 3858 789 3942 l,
808 3856 870 3930 101.
889 3856 1068 3943 430-432
1086 3881 1120 3928 a.
1140 3855 1232 3928 1697
1250 3868 1432 3928 exaratus.

202 3998 223 4056 f
248 3989 373 4064 Codex
398 3994 562 4089 Egerton
582 3983 828 4075 704‚'Musaei
849 3989 1065 4075 Britannici,
1087 3988 1151 4061 101.
1174 3988 1383 4074 373·-374·,
1408 4013 1507 4063 saec.
1525 4012 1619 4059 xvn.

203 4151 227 4206 ο
252 4123 377 4197 Codex
401 4124 542 4196 Musaei
557 4123 758 4198 Britannici
779 4121 872 4196 Add.
902 4121 1136 4208 12172101.
1161 4121 1365 4208 labb-195⁰,
1383 4146 1481 4194 saec.
1504 4149 1590 4192 x-xr.
1632 4146 1634 4151 ⁴

202 4272 232 4325 1ι
254 4256 379 4329 Codex
394 4257 536 4329 Musaei
552 4257 755 4330 Britannici
775 4256 872 4329 Add.
894 4257 1040 4345 18‚715‚
1064 4255 1126 4328 lol.
1146 4254 1354 4342 mat-244¹,
1377 4278 1475 4328 saec.
1492 4281 1557 4325 xn.

205 4403 218 4455 1
253 4390 377 4463 Codex
397 4393 478 4488 Syr.
501 4383 734 4489 Bodleyanus
750 4390 786 4474 2
809 4389 1063 4475 101492493,
1087 4414 1120 4461 0.
1143 4388 1236 4460 1614
1256 4399 1439 4461 exaratus.

204 4537 234 4590 Ιι
261 4522 385 4595 Codex
402 4526 484 4621 Syr.
505 4523 738 4621 Bodleyanus
754 4523 814 4610 20,
834 4523 896 4595 101.
920 4522 1049 4608 3788,
1070 4521 1262 4596 continens
1281 4520 1328 4616 6,
1351 4521 1403 4607 7,;
1426 4520 1566 4618 reliqua
1582 4520 1727 4592 desunt.

203 4669 218 4723 Ι
251 4656 375 4730 Codex
389 4657 528 4729 Musaei
540 4656 741 4728 Britannici
750 4655 847 4729 Add.
863 4654 1086 4742 12178101.
1105 4654 1312 4741 11120000.
1328 4679 1416 4727 rx-x.
1498 4656 1679 4751 Excerpta

205 4818 246 4856 ιιι
320 4834 369 4842 -
545 4833 594 4842 -
643 4788 738 4862 Add.
758 4789 816 4877 14,
831 4789 916 4876 482
933 4788 995 4861 101.
1015 4788 1169 4872 471-483
1186 4813 1416 4860 sacam-xm.
1474 4784 1703 4886 paucaexhi·

207 4952 233 4989 ιι
319 4968 363 4975 -
544 4968 588 4975 -
641 4923 738 4995 Add.
760 4922 907 5008 14,684,
929 4921 1069 5004 10124,
1090 4946 1188 4995 saec.
1211 4948 1275 4992 xn.
1524 4920 1645 4993 bent³.

204 5085 231 5141 ιι
252 5056 548 5156 Polyglottorum
566 5056 828 5131 parisiensium
847 5055 973 5128 editio.

205 5219 242 5258 w
258 5189 552 5290 Polyglottorum
568 5190 854 5264 Londinensium
869 5188 995 5263 editio.

196 5409 222 5464 1.
245 5401 284 5465 A.
302 5402 346 5465 M.
365 5403 507 5478 Ceriani,
526 5402 741 5465 Monumenta
756 5423 856 5463 sacra
871 5413 903 5464 et
911 5405 1073 5485 profana,
1091 5399 1277 5476 Mediolani,
1295 5407 1382 5476 1871,
1397 5422 1452 5484 pp.
1469 5403 1609 5470 167-180.

196 5517 224 5572 2.
250 5510 289 5572 ll.
308 5509 347 5572 H.
365 5511 511 5585 Charles,
535 5510 562 5572 T
559 5510 601 5571 lte
613 5509 826 5593 Apocalypae
840 5514 883 5591 of
888 5509 1035 5586 Baruch,
1054 5507 1200 5586 London,
1219 5514 1307 5588 1896,
1323 5530 1378 5592 pp.
1398 5512 1539 5571 125-167.

194 5624 223 5678 3.
242 5617 360 5680 Eorum
376 5617 531 5679 ambitum
547 5616 682 5679 Charles
702 5636 766 5679 non
781 5615 935 5678 definivit.
