3884 6316
157 360 231 417 1391
514 345 860 414 nPoTnnnsnlnTn
882 345 1112 409 Al’OLLONll
1136 342 1389 438 Tl'llNlINSlS.

153 493 274 561 ὄπισθεν
297 503 350 561 τοῦ
377 496 564 584 κατόπτρου.
595 489 650 567 Εἰς
678 481 714 556 δὲ
743 494 799 562 τὴν
817 486 885 577 ὄψιν
912 488 1025 571 αὐτοῦ,
1048 486 1177 567 ποίησον
1201 487 1283 552 ἑπτὰ
1310 488 1435 569 βούλας,
1463 482 1515 550 καὶ
1538 477 1642 560 πήξας
1665 478 1756 559 αὐτας

154 621 185 683 ἐν
210 619 305 704 αὐτῷ,
335 615 452 712 γροίψον
481 642 568 682 κατα
590 615 663 706 μίαν
699 615 815 697 βουλαν
841 637 944 678 ταυτα
969 609 1011 677 τὰ
1036 637 1123 702 μυστ
1120 613 1199 702 ι’ρεα·
1233 609 1359 700 Αἰσχρῶ
1334 604 1396 701 ουρ,
1423 608 1607 700 Ὀλασχᾶιρ,
1642 608 1750 698 lime,

153 743 285 835 Φάραις,
306 743 442 826 Melta,
467 740 616 832 Σκαρθας,
636 737 783 831 Χαγραίρι.
805 736 874 805 Εἰσ
847 763 893 803 ιν
916 730 950 802 di
969 735 1021 802 καὶ
1043 736 1072 800 oi
1090 745 1283 828 χαρακτῆρες
1306 733 1388 801 οὗτοι
1413 731 1462 810 οὒς
1489 733 1561 826 epig
1529 731 1617 799 ··“.

215 982 260 1038 l'r.
283 976 375 1039 Hic
356 976 486 1039 veniunt
500 995 557 1036 sex
572 973 738 1056 sequentia
753 972 871 1055 signa:

512 1104 1391 1581 ιιι-ι

149 1754 234 1812 sunt.
253 1752 337 1838 post
361 1753 508 1838 tergum
532 1738 683 1837 speculi
712 1743 751 1810 ln
777 1736 916 1809 illiusl
914 1736 1005 1821 acie,
1028 1736 1084 1808 lae
1106 1759 1170 1832 sep
1174 1749 1247 1807 tern
1270 1733 1390 1806 bullas
1410 1745 1447 1806 et
1469 1732 1583 1831 infige
1605 1731 1717 1803 illas
1709 1756 1741 1802 ru

121 1865 350 1963 ¹speculum.
378 1866 418 1936 ln
444 1889 662 1961 unaquaque
691 1860 789 1933 bulla
820 1861 940 1933 scribe
968 1861 1058 1933 haee
1089 1857 1738 1956 mysteria:Aisehrur‚01aselrar‚

148 1991 298 2071 Genios,
336 1988 505 2071 Pharaia,
543 1987 746 2069 lletlrtlras,
782 1985 975 2068 Searthas‚
1013 1984 1211 2082 Clragranr.
1242 1986 1359 2056 Notae
1395 1982 1505 2055 etiam
1538 1996 1624 2054 sunt
1657 1981 1740 2054 haer

147 2137 239 2211 quae
258 2112 407 2185 rides...

785 2306 1094 2319 *—

218 2529 354 2603 Ultima
375 2529 436 2600 illa
459 2540 633 2624 excerpta
652 2528 736 2617 (col.
762 2529 854 2598 1:388
876 2527 921 2599 ad
947 2528 1052 2621 1391)
1068 2527 1105 2598 in
1128 2526 1254 2600 codice
1275 2529 1307 2599 A
1327 2528 1436 2618 (unde
1460 2528 1575 2601 codex
1598 2533 1640 2611 1))
1663 2541 1744 2600 tan·

142 2668 219 2725 turn
244 2667 437 2726 servantur
459 2666 495 2725 et
520 2653 565 2724 ad
589 2678 681 2750 opus
701 2651 886 2749 Apollonii
913 2653 1069 2724 fortasse
1101 2678 1173 2724 non
1199 2652 1395 2750 pertinent.
1423 2652 1610 2746 Quinimo,
1649 2653 1745 2724 siout

142 2777 355 2850 invenitur:
384 2765 482 2875 Ἀρχὴ
510 2790 570 2846 τῶν
596 2781 855 2873 ἀποτελεσμάτων
881 2763 1093 2848 Ἀπολλωνίου
1119 2790 1239 2870 (supra
1263 2776 1331 2849 col.
1359 2777 1465 2861 1374,
1495 2776 1519 2847 l.
1552 2778 1609 2869 17)
1639 2777 1746 2850 initio

142 2914 263 2974 textus
289 2901 474 3000 Apollonii
503 2902 540 2973 in
563 2901 688 2973 eodioo
715 2902 764 2985 A;
793 2900 999 2973 invenimus
1025 2900 1149 2987 atiani,
1176 2901 1214 2971 in
1243 2902 1370 2974 eodeni
1398 2901 1523 2975 codiee
1546 2929 1554 2972 :
1577 2907 1657 3000 ἀρχὴ
1684 2923 1749 2974 τῶν

141 3031 402 3122 ἀποτελεσμάτων
418 3029 549 3119 (arr-pru,
570 3026 640 3097 eol.
664 3027 769 3110 1388,
786 3025 809 3094 1.
829 3026 864 3118 9)
881 3025 956 3097 lere
970 3024 1075 3097 initio
1091 3025 1188 3098 illius
1203 3025 1318 3123 partis
1334 3051 1427 3123 quae
1443 3026 1547 3099 deest
1561 3026 1599 3099 in
1616 3028 1749 3101 codice

143 3152 184 3219 B.
208 3149 312 3223 Unde
336 3150 398 3221 illa
425 3137 518 3247 pars¹
538 3150 583 3221 ab
609 3148 680 3221 alio
701 3148 800 3221 lonte
827 3149 952 3221 forsan
977 3149 1110 3222 hausta
1130 3162 1199 3222 est.
1224 3150 1326 3223 Illam
1345 3164 1471 3224 tamen
1492 3150 1631 3249 publici
1652 3153 1749 3224 iuris

140 3273 293 3346 feeiruus
313 3274 398 3371 quia
418 3299 529 3373 opera
554 3273 656 3345 illius
682 3272 825 3372 magica
849 3298 894 3346 ex
919 3273 1229 3372 appellationibus
1252 3276 1438 3372 (ὀνομασίαι)
1464 3275 1574 3348 etiam
1593 3301 1750 3373 prorua-

142 3410 229 3469 nant
251 3397 358 3481 siout,
383 3398 468 3470 lieet
488 3423 560 3469 non
582 3397 651 3469 sub
672 3398 799 3470 eadem
819 3398 975 3483 ratione,
998 3397 1037 3470 in
1056 3397 1173 3496 prinra
1192 3413 1308 3496 parte.

217 3520 288 3593 Sed
309 3520 435 3592 lolium
455 3545 613 3618 sequens
638 3522 714 3617 (lol.
738 3523 821 3613 altr)
842 3522 889 3594 ad
909 3521 1186 3620 Apotelesnrata
1200 3523 1387 3621 Apollonii
1408 3538 1506 3597 certe
1526 3549 1599 3596 non
1628 3527 1752 3623 perti-

143 3657 216 3717 net.
235 3648 326 3717 Narn
346 3644 469 3743 agitur
489 3670 561 3716 non
582 3645 627 3718 de
647 3646 968 3744 appellationibus,
991 3647 1056 3719 sed
1081 3647 1126 3720 de
1146 3648 1434 3745 proprietatibus
1454 3647 1667 3747 plantarum
1689 3651 1752 3725 rel

142 3769 372 3841 animalium‘
394 3769 552 3842 donoro
574 3770 731 3867 quodam
751 3770 938 3843 divinandi
965 3770 1174 3854 meth0d0²‚
1198 3785 1234 3844 et.
1255 3773 1299 3846 de
1323 3773 1546 3871 proprietate
1571 3774 1753 3849 draconis

142 3893 312 3966 caelestis
326 3898 352 3962 ²¹.

202 4212 228 4266 1.
251 4205 291 4266 ’1“ο
318 4205 427 4285 ίρίγγιον
453 4228 483 4264 τυ
511 4206 629 4284 βατάνιον
661 4206 872 4287 πιριαττόμιναν
1050 4207 1265 4288 (ρρινιτισμόνί)
1288 4207 1407 4284 spirulas,
1433 4208 1699 4285 καταπλασσόμιναν
1724 4213 1753 4272 δὲ

139 4315 256 4395 διαρόρει
270 4312 389 4392 ἔμμηνα.
408 4312 529 4375 Deinde
545 4313 704 4375 habentur
718 4312 751 4372 iu
766 4311 877 4374 codiee
1041 4314 1182 4397 quinque
1197 4312 1250 4375 illa
1266 4314 1361 4398 signa
1377 4335 1385 4375 ε

500 4508 1133 4806 κιαι
1241 4480 1418 4803 rb

197 4946 225 4999 2.
250 4939 366 5011 Ποίησον
382 4940 408 4997 ἐν
427 4942 460 5018 τῇ
479 4937 613 5016 γῇκοῖλον
632 4938 677 4995 καλ
695 4937 736 5004 θὲς
755 4934 836 5015 μέσον
853 4940 931 4997 αὐτοῦ
949 4936 1049 5017 χύτραν
1069 4937 1174 5012 καινήν,
1195 4937 1329 5017 ἄγαίνωταν
1357 4936 1427 4998 κατὰ
1447 4939 1577 5018 κεφαλῆς,
1603 4941 1650 5000 καὶ
1675 4943 1747 5004 laci

136 5055 262 5109 tellit-“lt
282 5044 449 5126 (nordpror‘l)
476 5042 576 5102 ὓίλιναν
599 5042 652 5101 α’πὸ
672 5042 801 5118 καμίνου,
824 5045 870 5102 καὶ
892 5042 996 5115 πλήσας
1015 5042 1119 5116 ὕδατος,
1144 5044 1235 5124 irriget
1257 5044 1312 5103 droa
1335 5047 1415 5105 αὐτοῦ
1434 5046 1523 5104 ἐλαίου
1549 5046 1655 5126 ὀλίγον,
1679 5050 1748 5130 ἄχρι

133 5156 270 5230 carambi]
286 5151 315 5210 τὸ
328 5150 409 5231 ὕδωρ,
428 5140 485 5209 εἶτα
504 5148 597 5231 βρίρυς
611 5148 720 5228 ἄρρινῆ
738 5149 813 5223 θήλυ,
829 5154 864 5218 ὡς
878 5151 943 5209 ἐτῶν
960 5148 1025 5209 δέκα
1044 5152 1156 5231 ἄρθυρον
1172 5149 1265 5211 λαθὼν
1280 5150 1388 5213 κάθισον
1406 5152 1479 5212 letor
1498 5156 1546 5211 τοῦ
1561 5155 1656 5214 κοίλου
1672 5153 1749 5217 ὥστε

133 5262 197 5338 δρᾶν
211 5257 281 5316 κατὰ
296 5257 428 5324 ἀνατολὰς
442 5256 488 5315 καὶ
502 5257 533 5314 τὸ
544 5254 621 5333 ὄμμα
636 5257 707 5335 ἔχειν
722 5256 765 5315 ἐπὶ
778 5255 827 5328 τὴν
842 5256 980 5336 χύτραν...

192 5370 221 5424 3.
244 5363 340 5424 'lietu
356 5364 384 5423 δὲ
403 5365 449 5422 καὶ
467 5364 553 5442 ἕτερος
575 5364 681 5441 οὐρανὸς
699 5362 838 5442 λεγόμενος
852 5363 985 5444 ἄναστρυς
999 5363 1043 5424 διὰ
1057 5363 1087 5424 τὸ
1101 5363 1139 5443 μὴ
1161 5365 1232 5447 ἔχειν
1254 5366 1378 5446 ἀστέρας.
1393 5360 1492 5428 Ἔστιν
1506 5365 1535 5426 ὄλ
1549 5365 1600 5445 pls
1616 5369 1645 5427 ds
1667 5372 1748 5455 αὐτῷ

133 5471 218 5549 ἀστὴρ
238 5461 281 5542 εἷς,
303 5470 391 5546 ὅμοιος
409 5468 529 5550 ὄφεως...
547 5467 671 5531 Deinde
689 5467 754 5549 (lol.
777 5474 835 5531 249
855 5470 900 5549 v.)
920 5470 1008 5533 venit
1025 5491 1032 5531 τ
1050 5470 1147 5533 Liber
1166 5470 1363 5554 Kyrnnidt's.
1380 5471 1429 5535 De
1443 5471 1557 5537 ultimo
1577 5472 1638 5539 illo
1653 5474 1746 5542 libro

133 5576 241 5637 conler
258 5575 364 5638 lleeue
376 5575 434 5636 des
450 5558 575 5637 litrrdea
586 5594 755 5658 grerqrres,
776 5580 863 5651 litut,
880 5597 912 5659 p.
927 5582 995 5640 335.
