3884 6316
132 458 191 517 463
673 445 917 510 PRAEFATIO
939 481 978 493 -
1001 444 1142 508 CAPUT
1166 443 1191 508 l.

133 634 219 707 dum
255 644 311 705 est
338 629 492 704 forsitan
523 626 738 726 Βαρδησιιίναν
767 636 821 699 καὶ
855 629 1014 724 ‘Apporto
1046 627 1274 698 Bardescoem
1317 638 1348 697 et
1379 627 1606 697 Harmoniam
1639 623 1733 718 (cius

134 766 275 860 lilium).

208 903 323 971 Natus
348 909 404 970 est
429 897 590 969 Edessae
613 894 672 967 vel
696 895 826 967 saltem
849 918 963 992 prope
989 891 1184 977 Edessam,
1207 903 1248 963 ut
1271 891 1408 965 indicat
1432 891 1511 964 eius
1535 914 1671 963 nomen
1696 903 1733 962 et

133 1033 283 1105 tradunt
305 1030 469 1129 plerique
494 1028 705 1126 scriptores.
728 1026 892 1100 Celebris
911 1026 974 1099 illa
993 1025 1082 1098 urbs
1102 1026 1140 1097 in
1160 1004 1424 1123 Mesopotamia
1445 1025 1516 1097 sita
1535 1037 1609 1109 est,
1631 1024 1731 1096 unde

136 1166 376 1249 bardesanes
398 1189 480 1236 cum
498 1164 613 1261 Syrus
633 1161 780 1234 natione
808 1172 844 1232 et
865 1159 992 1259 lingua
1013 1172 1124 1244 esset,
1145 1157 1269 1230 vocari
1289 1158 1407 1256 potuit
1432 1165 1466 1228 ὶιι
1487 1163 1733 1254 Μεσοποταμίας

136 1296 484 1396 (Mesopotamiae)⁴.

209 1540 244 1609 2.
280 1537 508 1609 bardesanes
541 1535 718 1607 educatus
742 1547 799 1606 est
837 1534 873 1605 in
900 1534 983 1605 aula
1017 1532 1120 1632 regia
1144 1558 1226 1606 cum
1255 1533 1382 1632 Abgar
1411 1535 1488 1630 (lX)
1520 1533 1594 1605 filio
1622 1535 1734 1604 Manu

139 1673 268 1769 (Vlll),
287 1671 386 1769 regis
407 1670 590 1742 Edessae²
616 1696 624 1739 ι
652 1672 784 1765 Αὐγοὶμῳ
804 1664 837 1739 δὲ
857 1682 903 1758 τῷ
926 1680 988 1738 τῶν
1010 1664 1203 1745 ’lidecumba
1226 1663 1362 1765 δοναστγ
1383 1663 1471 1764 ἀνδρὶ
1495 1671 1659 1758 ὁσιωτάτῳ
1683 1669 1735 1736 καὶ

135 1808 322 1902 λογιωτάτῳ
348 1802 577 1899 ἐξοικειούμενος
603 1805 643 1872 τὰ
672 1815 795 1899 πρῶτα,
825 1805 877 1873 καὶ
902 1804 1109 1897 συμπράττων
1138 1831 1172 1872 τι
1198 1805 1263 1898 ἅμα
1289 1805 1342 1872 καὶ
1372 1815 1427 1883 τῆς
1453 1808 1545 1871 αὐτοῦ
1574 1808 1735 1898 μετασχὼν

137 1938 317 2020 notarat

211 2075 383 2144 Testatur
412 2068 521 2143 etiam
541 2069 655 2142 lulius
683 2069 878 2141 Africanus
908 2093 948 2140 sc
976 2068 1078 2140 illum
1109 2067 1247 2140 vidisse
1277 2069 1313 2139 in
1340 2068 1423 2141 aula
1446 2068 1627 2167 Abgaris3
1659 2081 1736 2140 erat

136 2217 225 2276 tunc
247 2204 474 2275 bardesanes
492 2202 608 2275 solers
625 2213 778 2274 venator
798 2229 805 2272 :
829 2197 908 2273 εἶδον
929 2204 982 2273 καὶ
1005 2207 1097 2284 αὐτὸς
1122 2215 1152 2272 ἐν
1177 2201 1333 2298 Ἀόγοίρου
1356 2215 1411 2272 τοῦ
1435 2208 1582 2293 βασιλέως
1606 2206 1736 2273 Materno

137 2351 190 2410 τοῦ
212 2333 322 2420 παιδὸς
348 2346 441 2408 αὐτοῦ
460 2339 609 2418 πολλάκις
633 2345 834 2433 πειράσαντος
859 2340 930 2432 ἐμοῦ
952 2341 1194 2434 ὑφηγησαμένων.
1216 2333 1350 2417 Τοξότης
1369 2342 1448 2406 οὕτω
1469 2333 1563 2416 δεινὸς
1580 2337 1633 2419 ἦν,
1656 2345 1738 2406 ὥστε

138 2477 226 2568 θήρας
245 2477 320 2542 ποτὲ
341 2481 417 2567 Ιἡμῖν
439 2475 529 2550 οόσιος
550 2472 629 2567 ἀμφὶ
653 2468 884 2567 μισομόρίαν...
911 2471 947 2547 ἦν
970 2465 1006 2540 δὲ
1030 2481 1088 2567 ἄρα
1107 2475 1197 2566 σοφὸς
1218 2471 1345 2555 τοξότης
1364 2465 1565 2566 Βαμδησᾶινης
1587 2473 1668 2566 εἴπερ
1690 2500 1737 2551 τις

138 2611 296 2701 ἕτερος...
315 2602 518 2700 ἒθαυμαῖομεν
535 2598 570 2672 δὲ
588 2612 762 2702 ὁρῶντες...
778 2605 804 2674 ⁴.

213 2736 300 2809 lude
325 2736 491 2834 sequitur
510 2736 755 2808 Bardesancm
781 2761 825 2808 ex
848 2736 1049 2834 praestanti
1072 2736 1209 2810 familia
1233 2750 1372 2833 natum,
1400 2736 1653 2809 educationem
1678 2763 1738 2809 re-

139 2871 238 2969 giam
262 2883 408 2941 nactum
432 2882 571 2942 esseut
595 2868 895 2941 exercitationum
921 2869 1020 2968 regis
1048 2870 1262 2969 participem
1284 2871 1429 2943 fuisse:
1459 2869 1591 2942 studiis
1613 2882 1738 2942 tamen

140 3003 308 3075 addictus
330 3014 421 3085 orat,
446 3027 530 3075 nam
553 3002 719 3101 linguam
742 3003 922 3100 syriacam
946 3016 983 3076 et
1005 3003 1169 3102 linguam
1194 3029 1365 3102 graecam
1384 3002 1519 3099 optime
1545 3003 1702 3075 callebat
1727 3031 1734 3074 :

139 3143 240 3234 λόγιός
259 3166 306 3218 τις
319 3138 359 3205 ὢν
371 3142 400 3205 ἐν
418 3146 489 3217 ταῖς
505 3130 575 3205 duci
590 3143 758 3232 γλώσσαις,
783 3139 951 3233 Ἑλληνικῇ
970 3166 1005 3207 τε
1024 3134 1176 3226 διαλέκτῳ
1196 3140 1249 3209 καὶ
1264 3152 1302 3235 τῇ
1320 3152 1380 3208 τῶν
1399 3142 1500 3234 Σόρων
1515 3151 1597 3234 φωνῇ
1610 3139 1633 3208 ·”.

212 3270 271 3341 Ad
295 3293 473 3340 summam
489 3268 733 3340 astronomiae
753 3280 790 3341 ct
805 3269 1029 3368 astrologiae
1045 3271 1294 3370 cognitionem
1308 3282 1524 3369 pervenerat
1549 3298 1556 3341 :
1580 3270 1628 3341 ἐπ’
1647 3270 1742 3364 ἄκρον

141 3401 174 3472 δὲ
195 3417 252 3483 τῆς
268 3400 443 3495 χαλόαϊκῆς
462 3408 634 3498 ἐπιστήμης
655 3405 873 3483 alienarat

217 3537 333 3606 Homo
356 3545 434 3606 erat
456 3533 679 3632 perceleher‚
705 3534 742 3606 in
768 3535 911 3632 syriaca
935 3534 1063 3634 lingua
1087 3535 1331 3633 peritissimus
1355 3565 1362 3606 :
1385 3540 1572 3618 ἱκανώτατος
1593 3567 1642 3617 τις
1666 3540 1744 3632 ἀνήρ

143 3673 174 3736 ἕν
194 3697 227 3736 τε
245 3681 284 3763 τῇ
304 3673 404 3763 Σόρων
424 3681 505 3765 φωνῇ
523 3663 801 3749 διαλεκτικώτατος
814 3672 839 3738 ⁷.

216 3927 251 3996 3.
284 3924 509 4023 Porphyrius
527 3925 719 4015 (aaa-305)
740 3925 866 3997 scribit
886 3925 931 3997 ad
951 3927 1231 4024 praecedentem
1258 3926 1444 3999 hominum
1464 3939 1622 3998 aetatem
1648 3927 1743 3997 Bar-

143 4058 316 4130 desanem
335 4057 557 4155 pertinuisse
580 4087 588 4129 :
612 4063 662 4129 ἐπὶ
681 4072 742 4128 τῶν
760 4069 901 4156 πατέρων
920 4069 1010 4155 ἡμῶν.
1026 4072 1156 4158 γεγονώς
1168 4064 1195 4130 ⁸.

220 4192 319 4264 ldem
345 4190 568 4290 Porphyrius
596 4191 632 4262 in
659 4192 730 4264 alio
757 4217 867 4289 opere
891 4192 1019 4264 scribit
1041 4193 1287 4266 Bardesanem
1305 4193 1442 4265 vidisse
1463 4192 1573 4265 ludos
1596 4192 1746 4290 legatos

207 4465 214 4502 ⁴
240 4464 409 4538 EusebiuS,
436 4465 477 4528 H.
503 4465 545 4527 E.
565 4464 620 4540 lv,
646 4470 699 4540 303
715 4466 756 4527 P.
780 4466 819 4528 (J.
843 4475 866 4526 t.
888 4466 957 4540 XX,
981 4466 1042 4529 col.
1068 4471 1136 4528 401.
1155 4466 1297 4539 Hieron,
1318 4465 1368 4528 Dc
1387 4469 1464 4528 viria
1485 4467 1609 4541 ι’ίί..33;
1632 4466 1672 4527 P.
1699 4466 1738 4530 L.

146 4579 168 4631 t.
186 4570 303 4646 XXlll,
321 4570 381 4632 col.
401 4576 468 4633 647.
488 4571 605 4654 Epipb.
623 4573 725 4634 Haer.
744 4572 825 4634 Lt't.
842 4573 956 4635 Dicere
972 4593 1144 4654 possumus
1165 4573 1261 4635 etiam
1276 4573 1441 4656 regionem
1457 4572 1634 4647 Osroenen,
1649 4574 1744 4635 cuius

146 4686 242 4759 caput
256 4686 306 4739 est
319 4677 455 4753 Edessa,
473 4678 513 4740 ad
527 4679 712 4740 Armeniam
727 4679 776 4741 vel
792 4678 832 4741 ad
848 4678 1113 4762 Mesopotamiam
1128 4700 1146 4740 a
1161 4679 1296 4742 diversis
1311 4679 1495 4742 auctoribus
1510 4680 1631 4743 referri.

207 4784 218 4820 2
234 4782 331 4844 Manu
348 4782 443 4865 (Vlll)
458 4785 605 4866 regnavit
619 4806 637 4846 a
655 4791 710 4846 139
725 4785 766 4848 ad
782 4791 838 4847 163
852 4793 916 4847 ota
933 4792 988 4848 167
1003 4785 1043 4847 ad
1061 4792 1127 4848 176.
1144 4787 1256 4870 Abgar
1272 4786 1335 4868 (IX)
1351 4786 1530 4870 regnavita
1546 4792 1603 4850 179
1615 4786 1655 4848 ad
1669 4791 1744 4849 216.

111 4957 113 4962 ,
147 4888 195 4950 (Σί.
213 4889 345 4951 llubens
362 4889 476 4965 Duval‚
493 4891 638 4953 Histoire
653 4877 826 4966 d'lidesse‚
843 4891 946 4966 Paris,
963 4897 1050 4967 1892,
1067 4913 1098 4974 p.
1116 4898 1223 4956 72-73.

207 4995 219 5032 ³
236 4995 367 5078 Epipb.,
383 4997 486 5059 Hacr.
503 4996 584 5060 LVl.

206 5101 217 5138 ⁴
234 5100 309 5163 Lor.
328 5106 379 5164 rit.
396 5103 521 5165 Citatus
530 5102 562 5164 in
574 5103 768 5186 llilgenleld,
782 5105 994 5168 Bordesones
1009 5105 1070 5167 der·
1080 5107 1174 5168 letale
1192 5106 1374 5184 Gnostilrer,
1385 5106 1526 5190 Leipzig,
1544 5110 1631 5183 1864,
1643 5127 1675 5188 p.
1696 5110 1746 5169 14.

208 5208 219 5244 ⁵
236 5195 368 5290 Epipb.:
382 5209 485 5271 [laer.
508 5209 589 5272 LVl.

207 5313 323 5389 talus,
340 5315 464 5397 Praep.
480 5317 539 5378 Εν.
558 5317 612 5391 Vl,
630 5325 659 5392 93
676 5319 716 5381 P.
737 5319 774 5382 G.
791 5327 815 5381 t.
831 5319 915 5394 xxi,
931 5320 992 5382 col.
1008 5325 1150 5384 464476.

206 5421 218 5458 ⁷
236 5420 325 5494 lius„
342 5421 384 5482 Il.
404 5422 443 5483 E.
459 5422 513 5498 ll',
531 5428 580 5486 36.

206 5526 286 5588 ⁸De
314 5528 433 5589 obstin.
454 5528 508 5605 lt,
535 5535 582 5604 17,
611 5529 744 5606 Romae,
774 5537 861 5594 1636.
891 5533 939 5595 Cl.
967 5533 1101 5615 Fragm.
1127 5534 1203 5597 hist.
1225 5556 1338 5618 graec.
1361 5544 1385 5597 t.
1414 5534 1441 5599 V
1465 5535 1501 5611 b,
1527 5533 1630 5609 Pario,
1655 5538 1749 5610 1872,

146 5653 177 5715 p.
198 5635 287 5695 7672
