3884 6316
608 1113 1072 1210 TESTAMENTUM
1110 1115 1278 1211 ADAE

803 1676 1079 1768 nullumne

215 2090 329 2164 Moris
366 2103 445 2164 erat
479 2088 765 2177 haereticorum,
794 2089 1015 2188 quandoque
1049 2091 1161 2164 etiam
1193 2090 1480 2165 orthodoxorum
1509 2093 1740 2192 antiquitat-is

136 2224 378 2311 christianae,
400 2223 535 2323 placita
555 2249 622 2297 sua
641 2223 852 2322 dogmatica
869 2223 906 2295 in
928 2249 990 2295 ore
1012 2223 1174 2296 virorum
1193 2223 1392 2297 illustrium
1411 2251 1547 2324 ponere
1568 2228 1739 2326 specula-

140 2358 334 2455 tionesque
366 2381 452 2452 suas
483 2357 521 2429 in
547 2356 695 2455 scriptis
719 2356 941 2455 apocryphis
969 2380 1184 2456 congerere,
1211 2381 1304 2455 quas
1327 2358 1542 2457 plerumque
1570 2362 1739 2458 personis

144 2489 292 2562 biblicis
319 2502 505 2588 tamquam
528 2488 740 2562 auctoribus
763 2487 1035 2585 adscribebant,
1061 2501 1102 2562 ut
1126 2488 1194 2562 hac
1219 2489 1361 2564 ratione
1387 2491 1491 2565 ideas
1520 2517 1607 2565 suas
1631 2494 1739 2567 theo-

143 2623 286 2722 logicas
313 2623 459 2696 facilius
485 2634 746 2722 propagarent.
805 2622 967 2696 Historia
997 2622 1176 2721 imprimis
1210 2608 1408 2697 creationis
1437 2637 1737 2724 protoparentum

141 2756 340 2854 lapsusque
368 2781 493 2829 eorum
514 2756 606 2829 tanti
633 2768 737 2830 erant
764 2756 939 2829 momenti
963 2755 1001 2828 in
1025 2755 1196 2828 omnibus
1223 2756 1487 2856 systematibus
1515 2759 1736 2860 theologicis

140 2888 371 2986 antiquitatis
398 2889 635 2976 christianae,
663 2902 703 2962 ut
727 2888 859 2962 mirum
893 2899 1005 2975 esset,
1034 2888 1065 2960 si
1095 2888 1271 2962 librorum
1303 2891 1596 2991 apocryphorum
1622 2893 1737 2966 fabri-

139 3034 283 3095 catores
326 3048 384 3096 res
424 3023 518 3095 tanti
557 3022 730 3121 ponderis
770 3021 1037 3120 sphalmatibus
1072 3021 1492 3123 hallucinationibusque
1536 3025 1615 3098 suis
1664 3052 1737 3100 non

136 3167 390 3231 exornassem.
447 3159 521 3229 lam
548 3155 703 3254 igitura
728 3155 841 3255 priori
868 3166 1008 3228 certum
1034 3153 1180 3228 videtur
1197 3156 1332 3230 multos
1359 3157 1546 3231 exstitisse
1574 3159 1736 3258 antiqui·

134 3299 196 3359 tus
214 3287 327 3361 libros
348 3288 393 3360 dc
413 3289 530 3361 Adam
550 3300 587 3361 et
612 3288 749 3361 familia
775 3287 854 3361 eius
881 3301 1053 3388 agentes3
1077 3301 1204 3362 notum
1231 3289 1341 3362 etiarn
1367 3304 1424 3364 est
1451 3316 1469 3364 a
1495 3291 1735 3366 relationibus

138 3420 359 3520 scriptorum
386 3421 564 3495 ccclesiae
591 3420 822 3520 antiquorum
848 3422 943 3494 tales
969 3420 1083 3495 libros
1109 3420 1318 3495 venditatos
1344 3427 1467 3510 esse',
1497 3423 1585 3524 quin
1611 3438 1735 3500 tamen

133 3551 179 3624 de
201 3569 418 3653 argumento
446 3553 626 3628 eiusmodi
653 3555 873 3654 scriptorum
892 3566 1038 3653 praeter
1053 3553 1203 3627 titulum
1217 3554 1316 3627 aliud
1337 3570 1561 3656 compertum
1583 3557 1734 3632 habuis-

130 3710 270 3759 semus.

208 3821 364 3892 Demum
380 3796 581 3894 ann0'1853
592 3824 770 3894 Ernestus
780 3823 907 3894 Renan
920 3820 1037 3918 prima
1048 3819 1128 3893 vice
1143 3819 1343 3919 publicavit
1357 3834 1515 3918 quatuor
1527 3822 1734 3923 fragmenta

136 3951 176 4022 in
196 3953 428 4051 ephemeride
450 3958 598 4028 Journal
621 3959 797 4049 Asiaticae
826 3978 899 4025 una
923 3977 1006 4025 cum
1029 3952 1310 4048 dissertatione,
1333 3977 1426 4051 quae
1448 3954 1557 4027 etiarn
1581 3981 1732 4054 separa·

137 4085 205 4157 tim
234 4086 332 4159 edita
363 4100 420 4161 cst
448 4086 517 4161 sub
548 4086 690 4161 titulo:
724 4092 928 4179 Froanerrtr
958 4088 1005 4157 do
1037 4089 1123 4158 livre
1151 4090 1328 4181 pansoque
1361 4089 1500 4159 intitolc'
1525 4092 1733 4185 Apccolpprc

131 4221 287 4306 (fldem,
307 4245 350 4292 ou
365 4223 545 4294 Ponitenrc
560 4222 715 4307 d'rldom,
733 4246 776 4292 oo
795 4226 984 4292 Testament
998 4221 1154 4304 d'Adonr,
1175 4218 1292 4306 Paris,
1314 4219 1419 4291 1854.
1440 4222 1565 4294 Renan
1583 4222 1731 4319 quidem

135 4376 229 4448 opus
249 4353 439 4451 antiquum
459 4353 505 4427 ab
527 4352 704 4427 ecclesiae
725 4352 895 4425 Patribus
915 4352 1104 4425 laudatum
1129 4377 1168 4424 se
1189 4350 1375 4426 detexisse
1396 4351 1562 4450 putabat,
1585 4379 1624 4427 re
1643 4381 1730 4429 vera

132 4495 256 4557 tamon
287 4510 403 4559 nexus
429 4486 731 4585 fragmentorum,
758 4510 851 4584 quae
878 4511 929 4580 op.
949 4490 1008 4559 cit.
1034 4483 1173 4584 publici
1199 4483 1291 4557 iuris
1311 4484 1412 4571 facit,
1435 4509 1534 4559 mere
1555 4499 1729 4561 externus

132 4628 203 4702 cst,
222 4617 259 4689 in
278 4630 457 4716 quantum
480 4619 526 4692 ab
546 4617 832 4692 amanuensibus
849 4617 974 4716 phrasi
986 4618 1047 4700 >aa
1061 4629 1147 4693 aasz}
1163 4625 1212 4677 a&
1231 4617 1350 4691 eidem
1365 4618 1465 4715 operi
1486 4618 1728 4693 adnumeran-

131 4762 205 4823 tur.
261 4753 313 4824 he
333 4752 539 4825 accuratius
559 4736 725 4851 inspecta
748 4751 955 4851 fragmenta
975 4750 1038 4824 illa
1059 4750 1106 4822 ad
1129 4750 1202 4822 tria
1222 4749 1367 4823 diversa
1387 4750 1526 4849 scripta
1545 4752 1727 4850 pertinere

128 4882 465 4982 deprehenduntur,
487 4909 580 4983 quae
599 4884 637 4956 in
656 4884 772 4957 forma
792 4882 899 4957 nobis
919 4883 1150 4983 praeiacente
1172 4881 1329 4982 originis
1349 4883 1543 4982 gnosticae
1564 4909 1647 4959 esse
1667 4886 1729 4960 vix

135 5016 208 5088 dici
229 5030 399 5116 possunt,
426 5018 476 5091 ita
496 5031 537 5091 ut
558 5043 603 5091 ne
627 5018 755 5091 titulus
784 5008 932 5116 quidem
955 5016 1121 5090 fasciculi
1147 5041 1168 5088 a
1189 5018 1317 5093 Renan
1346 5003 1435 5090 editi
1461 5016 1609 5092 a'Livre
1633 5021 1727 5093 Gno-

127 5149 249 5247 stique
267 5177 285 5220 n
302 5150 494 5224 iustificari
516 5151 635 5251 possit
648 5155 674 5222 ¹.

203 5282 331 5356 Priora
354 5309 510 5382 namque
534 5284 607 5358 duo
626 5286 832 5384 fragmenta
856 5283 1041 5357 horarium
1065 5281 1251 5380 quoddam
1270 5282 1467 5382 mysticum
1486 5307 1553 5382 pro
1568 5296 1647 5359 tota
1666 5285 1725 5372 die

187 5487 195 5522 ⁴
215 5487 312 5551 Liber
326 5487 456 5571 quidam
470 5490 674 5572 apocryphus
689 5489 779 5552 Adae
794 5497 989 5551 memoratur
1002 5487 1066 5551 iarn
1082 5487 1115 5550 in
1129 5485 1277 5571 catalogo
1296 5485 1452 5551 librorum
1467 5488 1725 5571 apocryphorum

126 5595 403 5658 Constitutionum
416 5595 652 5678 Apostolorum
668 5594 733 5676 (Vl,
757 5595 803 5676 16)
819 5616 826 5656 :
844 5595 900 5656 Καὶ
921 5597 948 5654 lv
968 5603 1021 5663 τοῖς
1042 5595 1171 5663 [inhercie
1191 5595 1359 5678 συνέγραψαν
1380 5594 1471 5674 ortale
1492 5595 1633 5679 ἀπόκρυφοι
1654 5599 1724 5658 Μω-
