3884 6316
715 1011 1119 1158 catenario

765 1354 1071 1397 *0000oe—

764 1721 905 1773 CAPUT
927 1721 1095 1774 PRIMUM

277 1999 342 2075 DE
372 1998 490 2076 viiii
519 1998 580 2076 ΕΤ
610 1997 836 2077 SCRIPTIS
867 1999 907 2077 S.
941 1999 1180 2078 SIMEONIS
1211 1998 1314 2078 ituit
1345 1999 1556 2078 Siissssii‘u

115 2372 136 2417 i.
157 2367 330 2419 Christianae
345 2369 485 2433 religionis
499 2372 577 2422 initia
589 2373 615 2420 in
633 2371 833 2434 Mesopotamia
852 2370 1032 2422 meridionali.
1055 2370 1333 2422 -2.Trans1atores
1353 2371 1485 2422 librorum
1504 2384 1645 2424 sacrorum
1664 2374 1714 2437 Sy-

165 2471 265 2507 rorum.
287 2485 319 2493 -
339 2463 361 2507 3.
386 2458 478 2509 Series
499 2478 510 2506 a
536 2459 740 2510 Catholicorum
761 2478 773 2505 r
794 2459 1001 2511 Seleucensium
1020 2473 1108 2524 usque
1129 2459 1164 2510 ad
1185 2460 1299 2525 Papam.
1325 2465 1397 2510 -1,
1422 2460 1528 2511 Relatio
1546 2461 1713 2512 Barhebraei

162 2547 196 2596 de
212 2547 297 2610 Papa.
316 2576 346 2583 —
363 2553 385 2596 5.
406 2550 476 2598 Acta
493 2549 522 2600 S.
539 2548 611 2599 Miiis
633 2549 667 2599 de
682 2549 785 2613 synodo
807 2548 976 2600 Seleucensi.
991 2574 1023 2585 -
1037 2553 1059 2598 6.
1077 2548 1175 2599 Oratio
1192 2550 1311 2612 Agapeii
1337 2551 1460 2614 episcopi
1481 2550 1532 2600 Bet
1551 2549 1714 2614 Lapeiensis

160 2636 194 2686 de
214 2636 349 2687 seditione
374 2640 566 2702 episcoporum
589 2640 685 2688 contra
706 2638 821 2701 Papam.
842 2664 873 2673 -
893 2642 917 2687 7.
939 2636 1018 2687 Aliae
1039 2636 1185 2688 relationes
1206 2637 1240 2686 ad
1264 2637 1292 2687 S.
1316 2637 1471 2689 Simeonem
1493 2640 1668 2702 pertinentes.
1686 2667 1710 2674 —

160 2728 182 2773 8.
206 2723 298 2788 Opera
314 2724 344 2774 S.
361 2724 484 2776 Simeoni
499 2726 649 2777 adtributa.

191 2949 222 3017 1.
243 2950 341 3020 inter
355 2948 454 3020 viros
472 2949 727 3046 paucissimos
747 2974 839 3046 quos
855 2948 1003 3022 saeculo
1022 2952 1072 3023 iv
1090 2948 1282 3022 ecclesiam
1308 2951 1484 3046 Syrorum
1501 2975 1574 3022 non
1596 2949 1714 3022 solum

38 3055 40 3058 Δ
114 3081 189 3152 vita
209 3080 275 3152 sed
295 3082 405 3153 eiiam
427 3080 593 3154 doctrina
613 3081 820 3154 illustrasse
841 3095 1065 3180 compertum
1088 3081 1280 3169 hahemuS,
1301 3081 1346 3153 ab
1372 3083 1521 3154 ‘iiiito‘
1542 3081 1713 3180 episcopo

115 3212 292 3286 Sobensi'
315 3226 539 3287 memoratur
563 3218 598 3286 S.
628 3219 763 3287 Simeon
783 3219 846 3287 hor
876 3218 1034 3301 Sohho‘c,
1060 3214 1295 3314 metropolita
1319 3215 1510 3287 Seleuciae
1537 3227 1574 3288 et
1593 3213 1714 3288 Ctesi-

114 3346 272 3445 phontis.
293 3349 415 3445 Opera
428 3347 576 3445 quidem
591 3346 769 3420 litteraria
785 3347 894 3420 huius
916 3348 1088 3446 martyris
1111 3347 1184 3420 cito
1205 3346 1347 3419 absolvi
1365 3359 1534 3445 possunt,
1548 3347 1628 3419 eius
1648 3371 1715 3418 au-

114 3493 187 3551 tem
217 3479 292 3550 vita
314 3492 393 3551 tum
417 3479 464 3551 oh
487 3478 706 3579 dignitatem
729 3480 972 3552 catholicatus
996 3504 1039 3553 eo
1064 3492 1229 3579 tempore
1255 3478 1334 3552 sedi
1360 3478 1572 3553 Seleucensi
1597 3478 1715 3552 adtri-

114 3611 252 3696 butam,
276 3624 354 3683 tum
379 3612 425 3684 ob
451 3613 594 3685 initium
620 3613 786 3686 funestae
810 3613 1078 3711 persecutionis
1102 3638 1194 3711 quae
1218 3612 1256 3684 in
1277 3611 1427 3685 Perside
1451 3624 1535 3711 post
1560 3625 1714 3686 mortem

114 3744 192 3816 eius
217 3743 280 3815 diu
302 3745 433 3817 saeviit
451 3747 544 3818 tanti
563 3757 619 3819 est
642 3745 828 3833 momenti,
851 3758 891 3818 ut
915 3746 1140 3844 singularem
1160 3745 1492 3818 considerationem
1513 3758 1709 3818 mereatur.

114 3883 195 3971 Quo
220 3878 331 3950 etiam
351 3891 515 3975 tempore
539 3879 619 3977 ipsa
637 3878 813 3952 ecclesiae
834 3877 998 3976 syriacae
1018 3877 1173 3951 historia
1196 3878 1243 3950 ad
1262 3878 1382 3951 lucem
1401 3878 1546 3976 prodire
1568 3877 1710 3977 incipit,

113 4009 294 4108 siquidem
309 4011 539 4097 documenta,
562 4037 654 4110 quae
676 4011 721 4084 de
741 4010 895 4084 historia
910 4011 1087 4084 ecclesiae
1105 4014 1280 4110 Syrorum
1300 4023 1460 4083 tractant
1484 4012 1625 4110 synodo
1647 4014 1677 4082 N
1681 4011 1712 4082 i-

113 4167 226 4214 caena
260 4144 455 4229 anteriore,
488 4158 550 4216 aut
576 4144 726 4230 nullius,
757 4157 819 4216 aut
846 4143 978 4217 dubiae
999 4157 1085 4217 sunt
1112 4144 1355 4232 auctoritatis,
1382 4143 1480 4242 quod
1501 4168 1627 4216 verum
1655 4158 1711 4217 est

113 4275 292 4372 imprimis
318 4277 363 4349 dc
385 4278 478 4349 serie
506 4277 778 4350 Catholicorum
812 4277 1100 4364 Seleucensium‚
1128 4278 1165 4349 in
1195 4303 1265 4375 qua
1292 4280 1329 4349 S.
1361 4277 1508 4350 Simeon
1532 4277 1710 4375 septimus

111 4421 197 4505 post
221 4414 344 4481 Morini
375 4438 392 4479 u
419 4409 625 4507 apostolum
661 4438 678 4480 n
709 4411 868 4510 ponitur.
905 4412 1024 4509 Igitur
1050 4410 1198 4484 brevem
1222 4421 1459 4508 conspectum
1483 4407 1709 4505 quaestionis

111 4540 340 4630 exhibemus,
358 4542 446 4641 quid
462 4543 529 4616 hac
549 4543 595 4616 de
615 4569 653 4617 re
675 4544 752 4616 erui
772 4544 890 4642 possit
907 4557 1169 4643 proponentes.

187 4677 329 4747 Paucae
352 4674 436 4747 illae
461 4676 701 4762 narrationes,
720 4702 813 4775 quae
837 4677 1141 4776 propagationem
1161 4674 1353 4773 religionis
1374 4674 1510 4747 Christi
1534 4673 1573 4744 in
1595 4673 1709 4771 parti-

110 4808 181 4879 bus
206 4808 493 4906 Mesopotamiae
517 4809 691 4895 referunt,
708 4835 879 4909 graecam
894 4809 1076 4907 originem
1096 4806 1360 4880 christianismi
1385 4807 1518 4905 syriaci
1536 4807 1705 4879 innuunt.

111 4943 389 5014 Testamentum
414 4941 560 5040 quidem
586 4942 731 5014 Addai²
753 4954 789 5016 et
814 4944 906 5014 Acta
937 4944 975 5013 S.
1004 4941 1139 5014 Maris³
1167 4939 1340 5012 unanimo
1367 4964 1548 5012 consensu
1577 4938 1709 5012 docent

112 5073 349 5146 christianam
376 5074 593 5170 religionem
619 5075 656 5146 in
683 5074 985 5173 Mesopotamiam
1010 5099 1075 5173 per
1104 5073 1281 5146 Edessam
1309 5071 1437 5145 urbem
1464 5072 1709 5145 introductam

112 5231 208 5279 esse.
231 5206 353 5279 Addai
373 5206 451 5304 ipse
476 5232 495 5279 e
521 5207 728 5280 Palaestina
753 5207 930 5280 oriundus
956 5206 1145 5292 statuitur;
1168 5218 1432 5278 testamentum
1451 5217 1587 5293 tamen,
1611 5205 1709 5304 quod

176 5453 183 5488 ¹
203 5452 226 5513 i.
245 5453 279 5515 S.
296 5453 476 5527 Assemani,
493 5453 696 5516 Bibliotheca
712 5456 894 5532 orientalia,
908 5462 932 5516 t.
950 5453 1005 5529 Ill,
1023 5453 1156 5527 Romae,
1176 5455 1264 5528 1725,
1281 5472 1313 5535 p.
1331 5459 1379 5515 51.

174 5559 187 5595 ²
203 5559 243 5620 G.
262 5558 408 5642 Phillips,
430 5560 495 5620 rie
508 5559 663 5622 Doctrine
679 5559 846 5642 osAddai,
865 5560 1008 5635 houden,
1029 5565 1116 5622 1876.

176 5664 188 5701 ³
203 5664 237 5727 P.
255 5664 387 5748 Bedjan,
403 5666 489 5727 Acta
503 5680 689 5746 martyrum
707 5678 738 5729 et
750 5681 952 5746 sanctorum,
967 5677 990 5729 t.
1009 5666 1033 5742 i,
1051 5666 1190 5750 Lipsiae,
1209 5669 1298 5741 1890,
1316 5686 1349 5748 p.
1362 5669 1402 5728 45
1418 5686 1468 5749 sq.
