3884 6316
802 377 1058 442 PRAEFATIO.
1652 381 1728 440 1368

128 538 302 613 adiurnati
322 557 470 614 πετεινῶν
494 552 645 633 βλάπτειν
671 539 851 638 δυναμένων
871 546 1056 639 ἀνθρώπους,
1077 543 1118 612 τὰ
1141 536 1176 611 bi
1202 543 1244 623 ιίς
1265 547 1378 637 ἐποχὴν
1403 549 1558 637 ῥευμάτων
1585 553 1727 635 ποταμοῦ

126 672 271 749 ἀτάκτως
295 677 469 764 φερομένου,
495 677 549 739 καὶ
577 676 660 738 ἄλλα
684 671 727 748 εἰς
749 673 839 765 ἔτερα
863 668 912 738 ἐπὶ
940 672 1032 764 φθορᾷ
1054 671 1111 737 καὶ
1134 663 1234 762 fibriis]
1259 669 1419 762 ἀνθρώπων
1441 669 1622 763 ὑπάρχοντι
1646 668 1727 735 ἀπο·

128 800 267 888 τρόπαια
289 802 445 863 ἵστανται.
468 795 535 863 Καὶ
564 797 598 863 ab
627 796 717 889 μόνον
744 795 773 863 ἐν
804 805 844 890 τῇ
866 790 930 889 ζωῇ
951 799 1043 862 αὐτοῦ
1068 806 1171 862 ταῦτα
1199 793 1251 861 καὶ
1279 800 1472 862 τὰτοιαῦτα
1499 792 1677 887 ιίργιὶσαντο
1700 794 1728 858 οἱ

129 912 270 1013 δαίμονες
298 911 342 987 δι’
375 924 478 1000 αὐτοῦ,
504 920 586 988 ἀλλά
613 945 648 1014 γε
677 926 731 987 καὶ
768 917 851 1013 μετὰ
881 924 938 995 τὴν
968 923 1112 994 τελευτὴν
1146 922 1239 987 αὐτοῦ
1269 923 1493 1012 παραμένοντες
1519 928 1565 1002 τῷ
1592 918 1728 1010 μνήματι

129 1048 236 1131 αὐτοῦ,
267 1054 378 1139 cupiti
405 1071 474 1112 τινα
500 1039 530 1121 ἐξ
556 1043 703 1137 ὀνόματος
735 1048 826 1113 αὑτοῦ
853 1045 1035 1112 ἔπετίλεσαν
1063 1047 1136 1137 πρὸς
1165 1043 1290 1117 ἀπάτην
1321 1053 1384 1111 τῶν
1409 1045 1543 1110 ἐλεεινῶν
1565 1043 1728 1134 ἀνθρώπων

126 1183 191 1236 τῶν
218 1161 331 1263 ῥᾳδίως
350 1175 624 1263 ὑποκλεπτομένων
645 1170 688 1248 εἰς
703 1167 747 1236 τὰ
766 1181 897 1238 τοιαῦτα
914 1174 972 1237 ὑπὸ
992 1177 1046 1237 τοῦ
1066 1162 1226 1237 διαὸόλου.

203 1296 250 1363 De
272 1293 331 1362 hoc
350 1315 497 1383 mapnus
515 1294 718 1363 Anastasius
740 1293 913 1385 Theopolis
932 1293 1154 1384 (Antiochiae)
1169 1295 1339 1384 episcopus
1354 1290 1405 1359 ita
1423 1290 1563 1359 scribit:
1581 1289 1728 1375 Quibus-

127 1418 209 1486 dam
234 1420 271 1487 in
297 1417 377 1487 iocis
405 1418 564 1487 adhunc
591 1441 693 1510 nsque
718 1418 807 1487 diem
833 1417 1009 1509 Apollonii
1037 1440 1138 1509 opera
1165 1425 1257 1486 stant
1285 1425 1315 1484 et
1340 1437 1438 1484 seram
1467 1414 1588 1483 habent
1616 1414 1728 1508 effica-

128 1543 276 1625 citatem,
296 1542 373 1612 aiio
399 1542 672 1635 quadrupedibus
690 1565 731 1611 ac
746 1541 937 1612 volucribus
951 1541 1123 1611 damnosis
1143 1541 1343 1622 auertendis,
1362 1540 1436 1609 ahia
1455 1539 1499 1608 ad
1518 1521 1736 1609 inordinatos

127 1666 285 1735 amnium
316 1690 481 1736 recursus
508 1666 721 1752 inhibendos,
743 1667 816 1737 abia
840 1667 923 1738 abiis
947 1647 1044 1736 rebus
1071 1689 1157 1758 acrae
1181 1664 1370 1734 hominibus
1393 1663 1629 1734 detrimentum
1653 1665 1729 1754 affe·

129 1774 213 1858 rum
238 1791 404 1860 arcendis.
431 1793 544 1883 Neque
571 1814 607 1861 eo
634 1782 765 1861 tantum
798 1791 872 1861 riso
899 1791 1075 1860 ‹tannones
1098 1813 1163 1882 per
1190 1790 1301 1882 ipsum
1326 1798 1372 1858 tot
1395 1812 1435 1858 ac
1461 1788 1548 1858 tatia
1573 1798 1723 1878 eperunt,

125 1914 186 1982 sed
200 1915 272 2006 ipso
293 1915 395 1984 etiam
420 1925 552 1985 mortuo
574 1916 618 1984 ad
643 1917 894 1986 monimentum
919 1915 991 1984 eius
1012 1924 1324 2007 perseveras-erunt,
1347 1923 1446 2006 atque
1467 1912 1573 2004 ipsius
1595 1914 1729 1982 nomine

130 2038 303 2108 miracula
322 2039 487 2131 quautam
507 2039 688 2109 ediderant
709 2039 754 2109 ad
778 2040 987 2132 decipiendos
1005 2039 1143 2109 miseros
1164 2039 1314 2107 homines
1337 2039 1396 2128 μοι’
1414 2038 1516 2126 facite
1535 2037 1730 2107 huiusmodi

129 2163 228 2230 rebus
253 2187 288 2232 se
307 2187 329 2231 a
354 2163 487 2233 diabobo
511 2165 548 2233 in
574 2164 730 2253 fraudem
756 2164 875 2233 induci
892 2167 1090 2256 pati-untur.
1382 2250 1386 2258 Ι

203 2285 269 2356 illa
298 2284 487 2359 Anastasii
522 2284 683 2358 Sinaitae
718 2286 829 2359 verba
862 2285 972 2360 refert
1005 2285 1115 2359 etiam
1148 2285 1330 2384 Georgius
1363 2282 1600 2357 monachus⁴.

148 2392 149 2395 Ἴ
204 2411 279 2481 Nec
306 2422 448 2482 tanturn
476 2408 515 2482 in
542 2409 708 2482 Ecclesia
732 2434 868 2508 graeca
892 2410 959 2482 sed
985 2409 1022 2481 in
1047 2408 1190 2509 syriaca
1211 2409 1322 2482 etiam
1346 2433 1412 2507 pro
1441 2432 1552 2506 mago
1580 2407 1727 2479 babitus

127 2546 188 2606 cst
207 2533 437 2633 Apollonius.
459 2535 540 2606 Duo
558 2545 682 2607 textus
702 2534 836 2607 referre
857 2533 957 2607 iuvat
977 2561 984 2603 :

205 2657 361 2730 Michael
382 2660 499 2757 Syrus
519 2669 555 2731 et
575 2660 647 2731 Bar
667 2658 857 2731 Hebraeus
875 2657 1126 2756 seripserunt²
1148 2685 1155 2728 :

129 2845 189 2918 ‚⁵³0
209 2838 390 2911 niu-St
408 2854 463 2895 ω
482 2837 642 2905 amend
661 2846 718 2905 ns
735 2848 792 2903 aas
809 2848 919 2919 ,ερον
939 2838 1081 2904 esseest
1097 2837 1245 2912 *anon
1264 2839 1344 2910 snus
1361 2836 1521 2903 ossam!
1542 2845 1590 2904 us
1609 2843 1669 2903 ssa

517 2946 566 3008 ss>
587 2947 764 3017 attosti·
782 2953 849 3019 „nn
873 2953 962 3027 sesi·
983 2952 1131 3026 τωρ,
1151 2946 1188 3003 Α
1208 2961 1282 3002 „m
1302 2954 1356 3010 :ns
1377 2943 1440 3010 sido
1462 2949 1728 3026 οὰτιωιωὶιὸοι

206 3107 250 3173 in
273 3104 334 3173 itio
360 3115 504 3195 tempore
529 3101 611 3194 (snb
638 3101 808 3197 Claudio)
833 3104 1033 3196 Apollonius
1061 3105 1248 3198 Tparrensis
1274 3116 1304 3174 et
1323 3105 1511 3196 diminutes
1536 3102 1730 3195 philosophi

129 3238 229 3297 erant
259 3228 330 3297 nati
338 3229 364 3296 ³.
387 3229 586 3320 Apollonius
612 3240 723 3299 autem
750 3229 811 3298 iiie
835 3228 948 3298 eiecerit
972 3229 1172 3313 Taiismata,
1201 3232 1317 3299 omnia
1340 3229 1544 3321 operabatur
1565 3250 1625 3319 ope
1646 3228 1728 3296 dae·
1808 3297 1811 3302 .

131 3375 270 3421 monum
296 3363 327 3420 ct
353 3353 517 3423 dicebat:
548 3356 613 3422 Vae
638 3354 727 3422 mibi
749 3354 832 3446 quia
864 3356 1041 3424 antecessit
1069 3354 1239 3446 mahtins
1266 3354 1410 3427 Mariae.
1438 3353 1583 3438 Quidam
1612 3362 1730 3421 escensu

132 3477 237 3546 ilium
260 3477 400 3545 πλάνων.

208 3600 297 3671 Fere
316 3597 445 3671 eadem
469 3611 555 3671 sunt
576 3599 614 3670 in
632 3598 785 3671 historia
806 3598 1067 3697 Dynastiarum
1090 3598 1260 3699 Gregorii
1280 3602 1352 3672 Bnr
1372 3597 1528 3672 Hebraei
1540 3601 1563 3671 ⁴.

206 3727 274 3793 Hor
293 3735 438 3815 tempore
458 3726 605 3795 innotuit
619 3726 821 3817 Apollonius
845 3725 1082 3796 Tetesmaticus
1105 3721 1329 3840 (ffikdbbi
1354 3722 1507 3838 kfflbpt)
1527 3725 1587 3816 qui
1602 3724 1731 3794 Christi

130 3848 311 3940 discipulis
336 3849 557 3929 constrachieait,
575 3851 678 3939 sactis
702 3849 775 3920 iliis
798 3873 885 3943 qnae
904 3873 926 3920 a
946 3850 1082 3920 Christo
1102 3842 1195 3940 [beta
1216 3862 1295 3920 sunt
1321 3850 1512 3931 constrariis,
1541 3849 1728 3940 discitque:

136 3975 201 4041 b'ae
222 3973 309 4041 mihi
327 3973 413 4065 qreod
430 3997 481 4042 me
499 3973 714 4043 antecesserit
735 3975 866 4047 Mariae
884 3973 992 4066 filius.

208 4093 264 4165 Illi
292 4105 471 4179 textus‚a
498 4096 720 4193 Moeragene
746 4094 792 4167 ad
814 4098 885 4168 Bar
911 4095 1155 4181 Hebraeum³,
1174 4109 1474 4195 praesupponunt
1495 4093 1731 4195 Apollonium

134 4217 321 4290 bominem
340 4241 489 4317 magum
509 4217 622 4290 inisse
643 4231 679 4291 et
701 4218 895 4317 scripsisse
918 4218 963 4292 de
988 4219 1202 4319 Astrologia
1222 4235 1258 4293 et
1277 4219 1599 4319 Apotelesmatieis
1616 4219 1731 4292 libros

133 4365 245 4440 quarn
265 4340 420 4414 maxime
441 4341 567 4414 affines
592 4341 676 4416 hnic
697 4367 806 4440 quem
832 4343 965 4417 edituri
986 4347 1156 4418 sumus⁶.
1180 4345 1286 4417 Illum
1308 4370 1397 4444 ergo
1417 4344 1577 4419 scribere
1596 4343 1727 4443 potnit.
1770 4335 1772 4340 ’

199 4631 224 4685 Ι.
252 4624 292 4686 Ρ.
312 4623 350 4687 G.
367 4635 390 4687 t.
409 4624 476 4700 CX,
494 4625 554 4690 eol.
569 4630 706 4688 517-520
718 4634 750 4689 et
765 4625 824 4691 Ed.
842 4627 878 4691 C.
901 4626 941 4690 de
956 4627 1051 4703 Boor,
1066 4627 1210 4712 Leipzig,
1229 4633 1315 4704 1904,
1332 4650 1364 4711 p.
1382 4632 1530 4691 tetih-445.

195 4734 224 4791 2.
248 4729 364 4794 Micbel
376 4730 407 4794 le
422 4731 548 4814 Syrien,
568 4731 766 4815 Chroniqne,
788 4732 891 4808 Paris,
909 4739 997 4796 1u00.
1015 4732 1127 4808 Texta,
1142 4756 1174 4817 p.
1192 4739 1330 4797 103-104.
1349 4735 1413 4798 Bar
1432 4734 1609 4808 Hebraeus
1628 4733 1733 4796 Chro-

136 4838 233 4897 nicon
250 4836 439 4916 Syriacum,
457 4837 604 4913 Parisiis,
622 4844 710 4915 1890,
725 4860 756 4921 p.
773 4844 822 4901 51.
842 4839 914 4902 Duo
927 4840 974 4902 illi
988 4847 1095 4902 textus
1110 4841 1142 4902 in
1158 4862 1255 4902 unum
1271 4840 1501 4905 contrahimus

194 4947 224 5002 3.
249 4941 375 5006 Primae
394 4943 475 5006 istae
497 4943 601 5007 lineae
621 4965 638 5007 e
661 4945 825 5009 Chronico
849 4945 980 5009 Eusebii
1000 4945 1232 5009 desumuntur:
1254 4948 1427 5015 Ἀπολλώνιος
1445 4952 1459 5008 ὁ
1476 4946 1593 5016 Tuane<
1613 4948 1659 5007 καὶ
1681 4949 1734 5008 Εὐ-

134 5048 237 5130 appiana
252 5049 389 5131 φιλόσοφοι
402 5050 531 5127 ἤκμαζον,
548 5050 588 5116 P.
607 5051 645 5116 G.
662 5062 686 5115 t.
702 5051 788 5126 XIX,
806 5051 866 5117 col.
884 5059 952 5116 551.

197 5159 225 5216 4.
251 5154 310 5217 Ed.
327 5154 362 5219 E.
380 5154 568 5232 Pocoekius‚
587 5157 742 5233 oxoniae,
761 5164 847 5232 1663,
865 5180 897 5242 p.
913 5165 962 5223 73.

197 5267 225 5321 5.
243 5259 345 5322 Multa
366 5261 534 5324 amisimus
555 5264 739 5326 testimonia
754 5265 859 5327 textui
879 5275 991 5328 nostro
1012 5266 1127 5339 aliena,
1149 5274 1289 5330 attanren
1305 5266 1480 5330 notandum
1496 5276 1545 5331 cst
1564 5265 1734 5350 Apuleium

142 5367 298 5445 {saecunda
311 5366 450 5447 saeculo)
466 5378 499 5431 ct
514 5368 639 5431 Pseudo
655 5370 823 5446 lustinum,
842 5372 990 5455 quaestio
1006 5378 1054 5447 24,
1071 5372 1278 5456 Apollonium
1293 5394 1352 5456 pro
1368 5393 1464 5458 maga
1478 5374 1631 5436 tenuisse.

196 5480 226 5533 6.
251 5472 444 5556 Perantiqua
464 5476 648 5559 ceteroquin
673 5486 723 5540 est
743 5477 922 5541 incantatio
941 5499 1000 5561 per
1019 5479 1116 5542 verba
1135 5481 1293 5545 absconsa
1313 5500 1394 5564 quae
1410 5479 1580 5543 adhibetur
1595 5479 1626 5541 in
1640 5498 1735 5563 prae·

129 5578 219 5642 santi
238 5597 347 5660 apere.
367 5579 432 5642 tarn
449 5581 612 5645 scribebat
634 5583 768 5646 Plinius.
789 5610 802 5641 ι
821 5584 937 5668 Neque
951 5598 1000 5648 est
1014 5586 1118 5668 facile
1137 5587 1243 5668 dictu,
1260 5599 1399 5650 esterna
1420 5587 1517 5650 rerba
1533 5600 1631 5670 atque
1649 5589 1734 5667 ines·
