3884 6316
151 327 210 386 roe
370 283 375 294 ’
673 318 919 386 raxernrm
940 359 980 371 -
1002 320 1142 387 exuar
1166 323 1222 386 111.

223 515 379 585 Christus
398 513 540 584 redemit
557 513 745 584 Ecclesiam
759 536 858 583 suam
873 517 1037 585 eccnione
1056 515 1123 597 sui,
1143 516 1298 584 liberavit
1312 514 1443 607 plebem
1462 539 1560 585 suam
1580 518 1750 607 sanquine

147 670 224 730 sao,
255 647 434 718 alleviavit
460 657 596 716 onrtstos
624 647 782 716 oneribus
806 648 969 738 previbus
990 648 1152 740 passione
1178 670 1257 730 sna,
1281 646 1409 738 ¹iupum
1439 648 1651 719 subditorum
1681 649 1750 718 leva

146 781 253 870 effecit
266 803 363 850 cruce
382 803 459 852 sua.
476 779 686 849 Promissum
708 780 804 849 nobis
813 780 974 871 promisit
988 781 1026 849 in
1047 780 1182 850 saeculo
1198 781 1306 851 altero
1324 780 1395 851 alia
1411 807 1421 851 .·
1439 781 1629 851 dominium
1648 804 1748 852 suam

148 914 185 982 in
209 924 385 983 aeternum
405 934 686 1005 permansuram.
713 915 807 982 lesus
830 924 879 983 est
901 936 966 982 rea
991 936 1129 1006 repum;
1154 913 1259 983 nolite
1281 913 1392 1003 ipitur
1415 913 1586 1006 imponere
1610 915 1748 984 lumem

149 1057 261 1116 nostro
280 1048 407 1136 jupam
430 1046 637 1116 subactionis
659 1055 801 1115 uestrae.
823 1047 918 1117 Absit
940 1046 1046 1130 nobis,
1075 1047 1169 1117 nobis
1196 1046 1363 1130 liberatis,
1393 1057 1431 1116 at
1456 1047 1564 1117 denuo
1587 1049 1748 1118 seruitute

146 1179 337 1249 serviamus
357 1179 499 1248 bomini.
521 1182 609 1247 Deus
631 1188 744 1248 noster
757 1178 916 1249 dominus
929 1191 980 1249 est
997 1179 1241 1250 dominationis
1254 1190 1403 1264 uestrae;
1424 1193 1628 1273 quapropter
1641 1181 1747 1251 demi-

149 1314 245 1382 ninm
264 1313 473 1403 colleparum
495 1323 685 1381 nostrorum
705 1312 743 1380 in
763 1323 865 1403 capnt
884 1323 1037 1382 nestrum
1055 1335 1269 1405 nequaquam
1289 1313 1510 1383 assumimus.
1527 1318 1616 1384 Deus
1636 1326 1746 1384 noster

146 1457 276 1516 creator
294 1457 343 1515 est
358 1446 496 1515 demum
516 1455 714 1527 uestrorum,
734 1456 765 1514 et
789 1445 885 1538 [idea]
905 1457 1081 1515 uenturas
1099 1446 1188 1529 eius,
1208 1447 1261 1515 uti
1279 1468 1351 1529 aas,
1371 1469 1438 1515 non
1458 1447 1656 1517 adoramus.
1677 1443 1746 1534 Qui

146 1579 241 1648 nobis
267 1578 446 1648 mandavit
471 1604 481 1648 .·
507 1578 618 1648 Nolite
638 1577 811 1668 possidere
836 1600 973 1662 aurum,
998 1601 1103 1670 neque
1129 1588 1310 1671 arpentum
1334 1581 1372 1650 in
1399 1580 1585 1672 marsupiis
1609 1580 1741 1651 uestris.

144 1714 220 1782 Non
242 1722 291 1781 est
314 1712 408 1781 nabis
432 1733 569 1794 aarum,
593 1711 682 1802 qued
704 1711 794 1780 nobis
818 1711 945 1794 domm,
970 1734 1077 1803 neque
1094 1712 1255 1803 pecunia,
1280 1723 1318 1781 ut
1335 1713 1426 1781 cobis
1446 1714 1610 1783 tributum
1628 1714 1744 1783 solea-

145 1868 230 1914 mus.
258 1847 302 1913 Εἰ
325 1844 503 1936 Apostolus
529 1845 602 1913 eius
629 1844 762 1913 monuit
787 1866 847 1913 nos
874 1845 1023 1914 :Pretio
1050 1866 1174 1935 mapno
1202 1845 1367 1937 redempti
1391 1846 1471 1915 estis
1499 1872 1509 1915 :
1538 1846 1642 1916 nolite
1668 1848 1744 1940 fieri

141 1979 230 2048 serui
248 1978 447 2047 bom-inum!

213 2108 377 2181 Fatuitas
402 2107 528 2206 scripti
555 2080 662 2180 huius
688 2107 889 2206 apocryphi
911 2106 1029 2207 primo
1054 2108 1184 2194 obtutu
1207 2108 1401 2182 manifesta
1417 2122 1485 2184 est.
1508 2113 1585 2183 Rex
1603 2109 1742 2184 tributa

139 2241 301 2341 postulat
326 2254 362 2315 et
383 2240 531 2313 Simeon
551 2240 775 2339 respondet:
798 2265 866 2313 nos
881 2240 1060 2314 tributum
1085 2266 1159 2314 non
1180 2241 1322 2327 damus,
1348 2242 1433 2341 quia
1451 2242 1645 2341 pecuniam
1669 2269 1740 2315 non

141 2373 317 2449 habemus
337 2386 373 2447 et
393 2374 479 2473 quia
495 2373 663 2448 Christus
680 2373 883 2447 Ecclesiam
901 2398 1005 2447 suam
1019 2373 1203 2460 liberavit,
1219 2375 1324 2474 quasi
1339 2375 1577 2474 redemptiea
1593 2377 1739 2450 Christo

141 2507 270 2581 effecta
291 2533 365 2581 non
385 2506 551 2581 ordinem
572 2506 901 2607 supernaturalem,
920 2507 986 2580 sed
1001 2507 1217 2582 relationem
1238 2508 1468 2582 subditorum
1490 2509 1536 2582 ad
1553 2508 1739 2609 principes

140 2642 347 2715 saeculares
371 2641 544 2714 efficeret.
569 2642 738 2714 Summae
764 2665 872 2740 porro
892 2640 1072 2713 fatuitatis
1092 2654 1149 2713 est
1174 2641 1354 2713 sermonis
1375 2654 1481 2715 tenor
1506 2643 1739 2742 arrogantiae

138 2775 293 2873 plenus:
316 2803 333 2844 a
351 2774 472 2859 Absit,
493 2773 612 2860 nobis,
633 2787 674 2847 ut
689 2773 810 2847 denua
832 2760 1008 2848 servitute
1031 2773 1234 2848 serviamus
1254 2773 1408 2847 homini.
1432 2805 1449 2841 »
1469 2775 1560 2870 Quis
1578 2800 1739 2874 uuquam

140 2911 288 2981 l‘atrum
308 2907 495 2981 Ecclesiae
512 2906 624 2980 verba
645 2919 769 2980 tantae
792 2906 1025 3007 ignorantiae
1049 2906 1293 3006 pronunciare
1316 2932 1429 2980 ausus
1449 2909 1529 2980 est?
1543 2909 1737 2981 Assemani

137 3041 285 3139 quidem
311 3066 393 3114 eum
419 3040 603 3115 existimet
632 3047 721 3113 haee
754 3040 877 3113 omnia
906 3067 927 3113 a
952 3044 1096 3114 Maruta
1124 3031 1342 3139 conscripta*
1363 3065 1462 3122 esse,
1486 3040 1736 3116 defensionem

134 3187 260 3248 tantae
284 3174 464 3248 fatuitatis
490 3173 670 3273 suscepit3
694 3174 793 3272 quod
814 3173 1004 3274 negotium
1028 3200 1095 3273 par
1119 3174 1257 3247 homini
1277 3162 1368 3261 erat,
1393 3174 1455 3272 qui
1481 3174 1568 3248 dum
1593 3175 1739 3248 iniustis

138 3307 455 3381 criminationibus
485 3307 567 3380 aliis
596 3319 721 3381 notam
754 3306 955 3406 malignam
985 3307 1119 3380 inferre
1148 3306 1303 3392 solebat,
1330 3307 1518 3381 levitatem
1544 3307 1739 3405 quamdam

135 3441 357 3528 manifestat,
388 3467 460 3540 qua
489 3441 534 3514 de
554 3441 678 3514 valore
705 3443 882 3513 Actorum
908 3466 929 3512 a
951 3465 991 3513 se
1016 3440 1198 3513 editorum
1222 3440 1422 3513 iudicabat.
1452 3440 1614 3539 Simplex
1644 3441 1738 3514 enim

137 3575 361 3674 comparatio
381 3573 558 3673 epistolae
574 3574 684 3647 huius
704 3598 787 3646 cum
807 3572 999 3646 eventibus
1020 3572 1058 3644 in
1079 3575 1155 3660 MS,
1173 3573 1330 3646 narratis
1351 3598 1434 3647 eum
1455 3584 1595 3647 eertum
1615 3573 1738 3647 reddi·

136 3708 265 3794 disset,
285 3736 303 3778 n
326 3707 520 3807 epistolam
541 3707 684 3780 sistam
705 3705 956 3805 apocryphum
977 3731 1070 3806 opus
1094 3730 1177 3779 esse
1196 3707 1324 3779 vesani
1345 3706 1514 3791 alicuius,
1532 3707 1595 3805 qui
1615 3731 1696 3780 eant
1719 3731 1736 3777 e

134 3840 301 3941 pluribus
330 3840 498 3940 epistolis
517 3866 537 3912 a
557 3842 634 3927 MS,
650 3839 823 3914 exhibitis
838 3839 1113 3938 imperitissime
1133 3853 1171 3913 et
1188 3840 1327 3913 nelarie
1344 3839 1555 3938 compilavit
1568 3842 1595 3911 ⁴.

197 4106 206 4144 ⁴
223 4105 370 4169 Narratio
391 4106 452 4168 ista
469 4106 532 4167 iam
550 4105 775 4188 antiquissima
795 4114 941 4187 tempore
962 4105 995 4166 in
1014 4104 1159 4188 linguam
1180 4124 1330 4188 graecam
1343 4104 1499 4166 translata
1520 4113 1679 4187 astatque
1698 4105 1737 4166 ah

138 4213 268 4275 llermia
291 4213 468 4275 Sozomeno
493 4212 608 4284 relata,
624 4212 678 4294 qui
703 4211 893 4293 martyrium
916 4210 1002 4273 aliud
1026 4209 1187 4273 Simeonis
1210 4221 1296 4273 certe
1321 4210 1492 4295 ignoravit.
1513 4209 1737 4273 Tillemontin

138 4341 236 4403 opere
251 4342 258 4382 :
274 4319 450 4381 blinroires
461 4307 553 4401 pour
571 4320 677 4380 servir
690 4320 713 4379 ὰ
727 4317 886 4380 l’bistoire
903 4317 1159 4400 ecele'siastique,
1177 4317 1280 4392 Paris,
1298 4322 1385 4390 1700,
1403 4325 1426 4379 t.
1443 4315 1514 4389 Vll,
1531 4337 1564 4400 p.
1581 4321 1620 4379 79
1638 4317 1736 4379 relata

136 4426 282 4497 historia,
299 4426 344 4488 nit
363 4447 370 4486 :
389 4450 404 4482 «
419 4423 482 4487 Les
499 4445 675 4487 nouveaaa
696 4423 798 4487 Grees
817 4423 934 4499 disent,
951 4444 1013 4506 que
1032 4424 1208 4506 Ctesiphon
1226 4436 1257 4485 et
1274 4421 1370 4486 Salec
1390 4425 1445 4503 [on
1462 4423 1620 4504 Seleucia]
1642 4424 1737 4506 qu'ils

136 4536 374 4610 transforment
387 4551 426 4593 en
441 4531 498 4592 des
513 4530 690 4614 Sergneurs
705 4530 745 4593 de
757 4530 870 4608 Perse,
888 4535 1083 4592 accusbrent
1098 4531 1128 4591 le
1142 4529 1237 4592 Saint
1249 4543 1282 4593 et
1294 4531 1463 4612 beaucoup
1477 4528 1624 4591 dautres
1643 4529 1736 4591 cbre'·

135 4643 218 4701 tiens
228 4660 305 4701 auec
317 4640 386 4719 top,
399 4637 440 4700 de
450 4658 490 4700 ne
503 4638 734 4720 vonloirpoint
741 4639 840 4719 paier
851 4637 899 4698 les
914 4637 1042 4712 tribute,
1057 4656 1182 4698 comme
1195 4640 1226 4698 si
1234 4639 1335 4698 c'eust
1349 4636 1415 4698 esti
1430 4655 1495 4698 une
1505 4634 1671 4698 servitude
1685 4639 1736 4697 in·

134 4744 232 4828 digne
246 4744 355 4807 d'ena.
372 4743 460 4806 Mais
475 4746 516 4806 ils
535 4743 652 4822 disent,
668 4765 730 4826 que
745 4741 779 4806 S.
796 4743 928 4806 Simeon
947 4764 1056 4805 auena
1073 4763 1110 4804 ce
1124 4745 1225 4803 crime
1245 4754 1276 4804 et
1291 4762 1330 4803 en
1346 4745 1386 4825 fit
1400 4762 1521 4804 mesme
1541 4762 1606 4803 une
1621 4740 1734 4803 diclu-

134 4856 244 4914 ration
249 4852 378 4934 precise
389 4874 434 4912 arc
443 4872 518 4915 nom
531 4850 572 4912 de
582 4863 655 4913 tens
665 4852 712 4913 les
720 4849 881 4912 ebrdtiens
893 4849 980 4911 dans
992 4870 1055 4911 stne
1068 4849 1163 4911 lettre
1173 4852 1272 4910 ecrite
1285 4870 1328 4910 arr
1338 4848 1410 4928 Ray
1423 4849 1560 4930 [cenrme
1568 4849 1623 4910 s‘il
1629 4848 1736 4910 n'eust

129 4980 195 5040 pras
210 4960 244 5021 lu
261 4959 295 5021 S.
312 4958 424 5039 Pauli.

193 5061 242 5126 Ad
258 5065 343 5147 quod
358 5064 527 5126 Assemaui
544 5084 596 5146 op.
614 5066 680 5142 eit,
697 5084 729 5145 p.
749 5066 799 5136 38,
817 5083 848 5124 n.
866 5068 884 5122 9
902 5084 908 5123 :
928 5088 942 5119 a
960 5061 1109 5125 Auream
1127 5061 1264 5144 (1⁷)banc
1279 5062 1313 5123 S.
1330 5063 1493 5123 Simeonis
1509 5061 1733 5144 Epr'stolam...

132 5169 252 5231 nedum
269 5171 401 5232 vellicat
417 5170 444 5232 T
441 5171 651 5247 illemontius‚
666 5168 751 5231 Hist.
765 5169 857 5231 Eccl.
876 5182 952 5231 tom.
974 5168 1042 5233 Vll.
1059 5168 1168 5254 Quasi
1180 5189 1265 5246 nero,
1283 5170 1399 5250 inquit,
1412 5166 1639 5251 Apostolicam
1659 5167 1734 5228 doc-

137 5280 258 5339 trinam
275 5277 315 5339 de
329 5280 484 5340 seruitute
499 5288 530 5339 et
544 5275 737 5352 obedientia,
754 5275 966 5358 Principibus
980 5277 1086 5337 sectili
1091 5274 1303 5357 praestanda
1318 5274 1410 5336 baud
1415 5273 1622 5357 primoribus
1638 5274 1736 5337 labiis

132 5383 338 5466 degrtstasset
361 5373 492 5446 Simeon
508 5382 663 5461 tenende,
681 5401 744 5463 que
762 5381 885 5443 ratione
906 5382 1079 5443 transierat
1095 5381 1193 5443 rerba
1209 5379 1410 5459 Tillemont];
1429 5400 1539 5442 nerum
1559 5392 1589 5442 et
1609 5382 1731 5463 ipsam,

133 5501 301 5571 tamquam
328 5492 570 5572 supposititium
594 5487 797 5552 Graecorum
817 5508 900 5569 opas
923 5487 1081 5569 explodit.
1101 5487 1146 5548 At
1170 5499 1340 5549 emunctae
1364 5489 1458 5549 naris
1477 5488 1526 5548 nir
1549 5489 1581 5547 si
1602 5506 1676 5548 eam
1700 5488 1734 5546 in

133 5596 323 5658 Cltaldaicis
343 5596 432 5659 lu'sce
450 5593 541 5658 Actis
560 5598 722 5679 integram
741 5595 880 5676 legisset,
891 5593 1103 5676 palinodiam
1120 5596 1230 5676 atique
1250 5607 1382 5655 caneret
1397 5606 1428 5656 et
1447 5613 1544 5655 suam
1559 5614 1582 5655 a
1601 5594 1734 5676 vestigio
