3884 6316
264 407 544 473 SCRIPTORUM
566 408 833 473 TESTlMONlh
855 412 912 476 DE
936 408 1207 476 BARDESthS
1228 410 1342 488 VITA,
1367 413 1571 479 sculptis.
1655 422 1713 480 51o

189 589 225 660 6.
247 592 402 660 Dicemus
424 591 563 661 adbuc:
580 615 730 684 quonum
750 592 790 662 de
808 614 913 663 consa
936 616 1007 663 sese
1030 604 1206 664 mouerunt
1224 596 1318 665 entia
1337 606 1376 665 ut
1392 595 1714 668 commiscerentur?

114 723 153 793 Si
177 724 263 793 dicet
286 749 296 793 :
321 724 411 793 Casu
440 725 522 794 moti
544 735 644 808 sunt‚·
664 725 813 795 dicemus
834 752 845 796 .·
866 727 926 797 ubi
948 738 997 797 est
1022 730 1110 796 neas
1134 724 1369 798 universalis?
1392 729 1628 813 Annibitatur,
1654 754 1712 800 nec

116 859 186 926 iam
205 857 325 927 cuistit
337 859 362 926 ⁴.

188 1051 223 1121 7.
249 1055 405 1124 Dicemus
433 1053 545 1124 adbuc
570 1080 580 1124 .·
606 1055 776 1147 quodnam
805 1078 851 1124 ear
878 1055 932 1126 bis
954 1056 1087 1125 entibus
1116 1068 1243 1126 motum
1262 1067 1310 1126 est
1335 1054 1516 1150 primum?
1534 1059 1574 1128 Si
1591 1070 1710 1129 uentus

115 1195 223 1255 motus
242 1196 290 1256 est
303 1188 440 1279 primus
459 1198 490 1256 et
510 1188 669 1258 transivit
687 1188 761 1258 otio
779 1189 872 1258 entia
891 1199 923 1258 et
940 1211 1010 1259 sese
1030 1189 1166 1260 miscuit
1184 1189 1268 1273 illis,
1289 1212 1351 1260 cur
1369 1213 1436 1259 non
1456 1191 1560 1260 mouit
1577 1215 1612 1261 se
1630 1200 1711 1264 ante

111 1320 234 1410 faciem
260 1342 359 1390 suam
385 1332 502 1390 contro
531 1320 645 1391 lumen
671 1321 759 1413 quod
787 1322 823 1391 in
851 1323 979 1392 oriente
1007 1323 1179 1405 manebat,
1210 1324 1268 1393 sed
1296 1323 1453 1393 circuivit
1481 1335 1625 1394 tortuose
1647 1348 1710 1417 per

111 1476 220 1544 aquas
239 1453 277 1522 in
295 1455 519 1546 septentrione
537 1465 568 1525 et
587 1455 701 1547 ipnem
720 1455 757 1524 in
778 1455 919 1526 meridie
937 1467 976 1525 ut
988 1457 1183 1548 perueniret
1200 1456 1246 1525 ad
1265 1457 1380 1527 lumen
1399 1459 1437 1527 in
1455 1453 1613 1528 oriente?

185 1648 219 1718 8.
242 1649 397 1718 Dicemus
416 1650 528 1722 adbuc
544 1677 554 1721 :
571 1653 604 1720 si
621 1653 715 1722 entio
727 1663 905 1743 ponuntur
927 1652 1022 1743 infra
1041 1652 1095 1722 oet
1113 1674 1219 1750 supra
1238 1651 1341 1722 iuato
1361 1652 1528 1722 leuitatem
1547 1652 1600 1722 uel
1611 1676 1708 1722 cros-

109 1782 294 1852 situdinem
319 1794 591 1853 noturoesuae:
618 1785 733 1855 tannen
751 1785 880 1855 scilicet
903 1785 940 1854 in
968 1786 1094 1865 ultum,
1120 1786 1273 1855 tenebrae
1291 1785 1329 1854 in
1350 1786 1561 1878 profundum
1583 1786 1707 1856 etalio

111 1938 217 1984 sertum
240 1938 346 2008 supra
369 1917 480 1986 atium
504 1917 595 1987 inter
618 1917 731 1988 tumen
755 1928 787 1988 et
811 1919 977 2001 tenebras,
1001 1918 1163 2010 quomodo
1186 1919 1352 1989 dissoluto
1374 1929 1456 1988 sunt
1478 1919 1571 1988 entia
1594 1919 1706 1990 medio

108 2049 157 2116 ita
177 2058 216 2117 ut
240 2049 392 2118 tenebrae
410 2050 631 2119 ascenderent
649 2061 680 2120 et
699 2051 921 2121 miscerentur
938 2075 1015 2121 cnm
1036 2051 1167 2122 lamine
1185 2064 1216 2123 et
1239 2052 1400 2144 quomodo
1425 2052 1555 2134 lumen,
1579 2062 1706 2123 natura

108 2203 170 2248 sun
197 2181 266 2250 leue
289 2182 459 2252 descendit
480 2194 512 2252 et
535 2206 604 2253 sese
627 2184 764 2254 miscuit
787 2207 863 2254 cum
887 2185 1020 2254 entibus
1045 2180 1285 2256 densioribus?
1302 2187 1345 2254 lit
1369 2184 1530 2277 quomodo
1554 2186 1707 2255 tenebrae

106 2336 227 2403 proves
240 2325 426 2406 potuerunt
443 2316 621 2386 ascendere
639 2314 842 2387 adtamen?
866 2322 957 2387 Tunc
972 2318 1190 2387 damnandus
1208 2327 1257 2387 est
1275 2328 1405 2387 creator
1423 2320 1483 2410 qui
1502 2341 1568 2387 non
1582 2319 1706 2410 probi-

108 2447 179 2516 buit
202 2448 296 2517 entio
310 2471 403 2540 pura
422 2472 464 2519 ne
481 2450 717 2520 descenderent
733 2462 765 2521 et
777 2474 842 2544 per
864 2451 929 2521 illa
952 2451 1170 2521 ascenderent
1189 2451 1354 2521 tenebrae.
1376 2453 1464 2521 Nom
1483 2450 1548 2522 illa
1565 2455 1707 2543 suerunt

103 2581 203 2671 pedes
222 2581 361 2674 quidam
377 2583 521 2653 tenebris
540 2583 796 2654 ascendentibus
810 2584 856 2654 od
873 2584 997 2667 tumen,
1014 2594 1056 2668 et,
1079 2587 1169 2655 sicut
1183 2584 1318 2677 lipnum
1332 2585 1459 2655 siccum
1473 2608 1534 2677 pes
1546 2594 1594 2654 est
1613 2585 1700 2676 iqui,

108 2715 158 2783 itu
177 2714 242 2784 itta
261 2716 354 2784 entia
368 2715 470 2808 pedes
487 2722 629 2810 suerunt
648 2718 791 2788 tenebris
814 2729 852 2788 ut
875 2729 1150 2787 amonerentura
1171 2717 1275 2788 latere
1292 2739 1352 2787 suo
1376 2728 1407 2787 et
1425 2741 1447 2787 o
1466 2717 1602 2809 reqione
1624 2739 1701 2786 suu.

181 2851 278 2919 Patet
306 2871 385 2941 erpo
412 2873 458 2920 eac
491 2850 544 2922 bis
567 2851 722 2921 omnibus
741 2851 907 2921 mundum
928 2852 1029 2922 iilum
1056 2874 1122 2921 non
1146 2874 1217 2920 esse
1235 2852 1454 2921 constitutum
1473 2873 1518 2920 eoo
1536 2851 1705 2920 commiu-

107 2982 198 3050 tione
213 2984 363 3075 utrinque
380 2984 522 3067 entium,
547 2995 585 3054 ut
604 2984 772 3055 insanivit
790 2984 1016 3056 Bardesanes.

185 3166 243 3239 lo.
266 3166 448 3241 Praelatio
468 3168 648 3266 quaedam
667 3167 814 3242 arabica
833 3168 979 3243 concilii
999 3168 1164 3260 Nicaeni‚
1184 3167 1229 3240 ah
1249 3166 1463 3240 Abrahamo
1487 3165 1703 3240 thellense

107 3299 288 3373 maronita
302 3300 415 3373 latine
436 3326 626 3388 conversa,
644 3302 809 3375 diversas
829 3315 1007 3376 memorat
1027 3314 1147 3375 sectas
1158 3314 1195 3374 et
1210 3300 1356 3374 demum
1375 3301 1463 3373 haee
1479 3299 1619 3373 hahet²
1643 3328 1651 3371 :

147 3476 279 3539 Decima
305 3487 392 3540 secta
420 3486 470 3541 est
493 3477 726 3554 Disanitarum,
751 3478 805 3562 qui
830 3477 911 3540 duos
937 3486 1047 3540 tenant
1072 3496 1144 3541 esse
1167 3476 1260 3552 deos,
1282 3496 1380 3539 unum
1405 3476 1541 3551 bonum,
1568 3474 1703 3539 alterum

105 3583 237 3658 malum,
254 3583 286 3645 in
301 3604 364 3667 quo
379 3583 577 3647 Manichaeis
587 3594 773 3661 consonant,
790 3583 1057 3668 quemadmodum
1073 3584 1169 3646 etiam
1184 3592 1216 3647 at
1231 3583 1263 3646 in
1277 3582 1422 3647 terminis
1437 3583 1701 3665 horoscoporum,

104 3691 266 3773 computis
285 3690 497 3766 nativitatum,
521 3699 694 3766 astrorum,
720 3700 843 3775 septem
863 3690 1073 3774 planetarum,
1095 3700 1128 3752 et
1146 3690 1314 3775 signorum
1339 3688 1467 3752 Zodiaoi
1488 3687 1667 3763 duodecim,
1684 3709 1703 3751 a

104 3796 222 3878 quibus
247 3795 428 3860 inferiorem
456 3798 540 3860 hunc
570 3797 724 3860 mundum
748 3799 819 3882 regi
847 3806 1028 3875 autumant,
1055 3806 1088 3859 et
1111 3797 1255 3879 regimen
1281 3795 1452 3869 creaturis,
1473 3815 1554 3878 quae
1580 3803 1702 3858 rectore

104 3912 217 3986 egent,
235 3902 388 3966 tribuunt.
405 3903 515 3987 Neque
534 3904 629 3980 bona,
653 3924 756 3988 neque
775 3904 862 3967 mala
885 3923 982 3987 opera
1002 3903 1035 3965 in
1052 3902 1191 3966 hominis
1210 3922 1282 3965 esse
1297 3909 1469 3985 potestate,
1486 3910 1519 3965 et
1534 3900 1700 3976 electione,

104 4007 137 4069 id
160 4027 236 4071 vero
259 4010 334 4092 quia
358 4011 625 4073 resurrectionem
647 4011 828 4074 inficiantur
853 4019 885 4074 et
908 4018 1084 4072 extremum
1105 4009 1268 4072 iudicium.
1285 4007 1443 4092 Perpetuo
1465 4007 1548 4071 albis
1570 4016 1703 4071 utuntur

103 4115 314 4190 vestimentis,
334 4117 527 4181 arbitrantes
547 4137 614 4192 eos,
635 4118 690 4201 qui
709 4116 792 4181 albis
807 4124 954 4192 utuntur,
971 4125 1056 4180 stare
1078 4123 1202 4199 aparte
1224 4114 1284 4179 Dei
1304 4114 1435 4178 luminis
1449 4114 1535 4189 boni,
1551 4114 1606 4197 qui
1627 4135 1701 4176 vero

101 4221 219 4305 nigris,
238 4232 360 4305 aparte
379 4223 438 4285 Dei
458 4223 663 4288 tenebrarum
682 4224 769 4287 mali.

177 4402 385 4475 Notandum
405 4414 543 4476 sectam
566 4403 815 4477 Disanitarum
840 4403 1022 4478 decimum
1041 4416 1184 4476 tantum
1206 4401 1327 4475 locum
1345 4413 1484 4486 tenere,
1513 4399 1701 4472 inveniun-
1799 4425 1802 4429 ’

100 4549 162 4608 tur
181 4547 289 4608 antea
309 4547 431 4609 saetae
457 4535 753 4623 Sabbatinorum,
778 4538 1053 4626 Simonitarum,
1077 4535 1409 4620 Marcionistarum,
1428 4533 1697 4632 sophistarum,

103 4667 415 4756 Manichaeorum,
439 4668 758 4756 paulianistarum,
788 4670 1104 4757 photinianorum,
1127 4667 1385 4755 Barbarorum,
1413 4664 1696 4740 Phoealitarum.

104 4800 209 4875 Unde
234 4800 359 4900 agitur
377 4802 500 4875 loraan
520 4802 565 4874 de
585 4816 825 4902 praepostera
846 4803 1097 4877 doctrinarum
1123 4800 1343 4875 Bardesanis
1362 4799 1696 4883 transformatione,

101 4933 149 5005 de
168 4959 241 5032 qua
263 4935 401 5009 mentio
421 4934 461 5008 fit
483 4934 521 5007 in
543 4935 716 5034 operibus
741 4936 1043 5036 philosophorum
1062 4933 1225 5007 Arabum
1247 4933 1340 5006 inira
1360 4933 1529 5006 sitandin.
1556 4935 1611 5005 De
1632 4956 1700 5004 au·

99 5065 332 5140 theuticitata
355 5067 501 5166 quidem
534 5068 632 5141 illius
654 5068 891 5167 praelationis
921 5094 995 5143 non
1022 5080 1167 5141 constat
1196 5066 1330 5166 quippe
1358 5091 1451 5165 quae
1475 5065 1698 5138 mentionem

98 5199 210 5272 iaciat
236 5200 397 5273 Helenae
419 5201 547 5274 matris
571 5202 846 5275 Constantini«
878 5227 972 5301 quae
1001 5202 1046 5276 ab
1078 5202 1228 5275 ineunte
1256 5212 1375 5273 aetate
1403 5199 1603 5272 christiana
1620 5197 1697 5270 'fide

162 5429 171 5467 ⁴
189 5429 281 5493 iuxta
300 5430 516 5496 Bardesauem
540 5433 628 5497 Deus
648 5433 768 5497 creavit
787 5433 871 5497 entia
891 5453 948 5498 nec
962 5434 1101 5518 privavit
1119 5432 1175 5496 illa
1198 5431 1356 5496 libertate.
1374 5429 1466 5494 Unde
1485 5438 1652 5494 morentur
1666 5427 1700 5490 vi

94 5535 258 5600 libertatis
273 5557 350 5600 suae
364 5545 398 5600 at
411 5547 543 5623 propter
556 5541 617 5605 hoo
632 5540 665 5603 in
678 5539 832 5603 iudicium
846 5542 1058 5604 vocabuntur.

159 5642 301 5720 'Menai
318 5652 342 5707 t.
360 5642 401 5721 ll,
418 5646 479 5708 ool.
499 5652 586 5710 1059.
