3884 6316
274 391 332 450 702
793 379 1036 446 PRAEFATIO
1058 417 1098 429 -
1119 381 1260 446 CAPUT
1283 381 1338 444 lll.

349 573 546 647 Exordium
561 571 672 645 sumit
689 572 733 644 de
750 570 911 669 peccatis
931 569 1173 669 castigandis,
1192 593 1285 667 quae
1306 569 1400 642 inter
1422 570 1651 642 Christianos
1671 569 1876 653 invaluere,

275 708 359 779 dein
379 707 425 778 ad
445 706 517 779 alia
536 704 655 804 surgit
673 702 762 776 vitia
777 702 1091 801 reprehendenda,
1108 725 1202 800 quae
1222 714 1280 774 sat
1302 715 1427 801 aperte
1447 701 1617 787 innuunt,
1642 703 1878 776 Christianos

275 840 393 912 adbuc
419 838 563 912 civilem
588 836 782 934 quamdam
809 836 1064 909 auctoritatem
1088 836 1301 933 possedisse
1323 862 1330 905 :
1349 839 1582 909 Sur-remerunt
1597 835 1778 934 -inquit
1793 861 1832 906 ιι.
1856 837 1878 906 3

274 1017 324 1026 -
342 975 379 1044 in
394 975 520 1067 populo
540 984 651 1043 nostro
670 973 780 1055 duces,
802 973 863 1063 qai
885 972 990 1063 ieqem
1010 971 1263 1064 dereliquerunt
1285 983 1317 1041 et
1338 969 1481 1061 qluiati
1505 984 1587 1042 sunt
1613 975 1650 1042 in
1677 972 1876 1063 iniquitate.

275 1111 501 1179 Possessiones
522 1107 588 1176 sibi
610 1116 892 1197 comparaverunt
919 1116 950 1174 et
977 1105 1129 1174 auaritia
1152 1105 1274 1175 duaa
1292 1127 1358 1174 cos.
1379 1108 1495 1175 Mutua
1518 1105 1684 1175 dederunt
1709 1106 1770 1174 sub
1791 1127 1879 1173 usu-

276 1245 338 1325 ris,
360 1247 542 1334 saeuusque
568 1250 843 1332 acceperunt.....
868 1238 912 1307 N.
936 1237 957 1306 8
985 1235 1183 1308 allusiones
1208 1260 1343 1334 magna
1367 1261 1450 1307 curn
1471 1261 1557 1309 cura
1580 1235 1722 1309 velatae
1741 1235 1880 1334 legun-

277 1386 349 1458 tur,
372 1397 464 1470 quae
496 1371 542 1444 ad
573 1370 707 1470 agendi
732 1369 910 1442 rationem
939 1369 1123 1466 pertinent
1149 1368 1354 1467 aliquorum
1387 1369 1691 1453 Christianorum,
1722 1368 1784 1467 qui
1809 1369 1879 1442 ho-

279 1530 387 1579 nores
406 1503 531 1578 civiles
547 1502 670 1602 adepti
686 1502 850 1575 diversas
865 1501 1017 1574 iniurias
1038 1514 1164 1574 contra
1179 1501 1309 1576 fratres
1325 1502 1557 1575 committunt
1579 1530 1586 1572 :

349 1644 510 1732 Repertus
544 1650 592 1709 est
619 1634 807 1733 —inquit
833 1605 870 1706 ni
895 1638 917 1707 8
938 1678 988 1687 —
1013 1638 1105 1728 apud
1129 1661 1189 1707 nos
1210 1614 1350 1730 quidam
1376 1643 1484 1730 frater
1509 1649 1621 1708 noster
1646 1661 1769 1708 corona
1791 1641 1879 1708 insi·

276 1776 404 1867 quitus,
426 1796 522 1865 quem
548 1772 641 1863 reqio
665 1794 728 1841 sua
749 1771 849 1841 trulla
868 1771 1080 1840 obseruantia
1105 1771 1243 1841 colebat.
1266 1771 1352 1842 Cum
1375 1794 1453 1861 erqo
1472 1795 1495 1840 a
1517 1795 1581 1842 sua
1601 1772 1780 1863 prouincia
1809 1794 1880 1840 narr

279 1909 502 1999 eoecrperetur,
522 1929 616 1997 reqes
630 1905 700 1976 aiio
710 1904 833 1997 procul
851 1904 1015 1975 distantes
1031 1905 1129 1984 adiit,
1149 1916 1286 1974 catenas
1300 1905 1505 1997 vinculaque
1519 1906 1562 1975 ab
1576 1908 1624 1976 eis
1639 1904 1874 1997 eapostuians,

283 2063 368 2132 quae
386 2042 424 2109 in
444 2039 613 2130 reqionum
631 2061 730 2108 suam
749 2050 781 2108 et
795 2037 966 2107 civitatem
985 2060 1084 2107 suam
1098 2037 1319 2109 distribuit...
1335 2039 1464 2109 Audiat
1477 2040 1614 2129 sapiens
1632 2050 1663 2108 et
1676 2037 1877 2128 inteliiqat:

280 2184 456 2265 propterea
473 2173 564 2242 enim
576 2173 657 2241 baec
669 2172 859 2254 scribimur,
875 2171 1100 2241 dilectissimi.
1118 2173 1206 2241 Nam
1220 2194 1297 2241 cum
1316 2195 1381 2241 rea
1394 2194 1552 2241 coronam
1568 2173 1676 2262 cinqit
1695 2171 1882 2241 incivitate

281 2330 355 2388 sua,
381 2317 411 2376 ct
430 2309 467 2376 in
483 2306 593 2375 medio
602 2305 801 2396 principum
821 2327 960 2373 suorum
979 2325 1123 2395 requam
1141 2305 1294 2395 suscipit,
1314 2328 1456 2396 cumque
1470 2328 1584 2375 omnes
1604 2305 1685 2373 bono
1699 2326 1783 2395 erqa
1801 2328 1881 2373 eum

282 2441 398 2509 auimo
416 2442 501 2531 sacti
519 2449 610 2519 susat,
638 2449 710 2508 tum
729 2459 845 2507 arcam
865 2436 1070 2526 iaqreditur,
1094 2437 1240 2507 donaria
1257 2438 1411 2529 plurima
1431 2441 1536 2508 sumit
1554 2449 1585 2508 et
1604 2437 1733 2507 cunetis
1748 2438 1882 2529 pri-uei·

281 2573 381 2664 pibus
395 2575 469 2642 suis
488 2571 734 2662 dispertitur...

356 2704 401 2773 N.
425 2702 461 2774 9.
488 2704 611 2774 Audite
637 2703 771 2786 iterum,
798 2701 985 2774 carissimi.
1013 2703 1052 2773 Si
1072 2705 1258 2796 continqat,
1286 2713 1323 2773 ut
1348 2704 1479 2796 aliquis
1512 2726 1576 2773 rere
1610 2726 1757 2795 maqnus
1780 2726 1884 2795 saper

279 2839 504 2929 possessiones
519 2859 600 2907 suas
617 2838 796 2906 univemas
811 2847 844 2907 et
857 2858 989 2905 omnem
1002 2838 1134 2926 reqiam
1154 2836 1337 2906 constituat
1351 2848 1616 2929 procuratorem,
1637 2837 1697 2906 itte
1715 2859 1793 2906 aero
1808 2837 1882 2905 ini-

283 2995 346 3063 que
360 2994 394 3040 se
408 2971 514 3062 quat,
538 2970 700 3040 adversus
714 2992 886 3040 cousensus
900 2992 978 3039 suos
992 2992 1028 3038 se
1041 2970 1196 3052 estotim,
1214 2992 1254 3039 ac
1272 2982 1391 3040 contra
1408 2972 1498 3061 reqis
1513 2971 1688 3040 ministros
1705 2973 1878 3060 efferatur,

282 3127 400 3196 eosque
418 3105 492 3173 sine
511 3103 638 3174 iudicio
660 3113 722 3173 aut
741 3102 960 3173 accusatione
978 3103 1269 3194 apprehendat...,
1287 3104 1377 3173 servi
1395 3114 1508 3173 autem
1524 3104 1581 3173 illi
1595 3104 1635 3173 de
1649 3113 1825 3173 careereet
1844 3104 1884 3172 de

284 3237 435 3306 custodia
451 3247 640 3328 querantur
658 3247 689 3305 et
707 3235 843 3306 domino
861 3258 922 3305 suo
937 3236 1138 3306 denuntient
1154 3260 1164 3305 .·
1183 3238 1376 3327 Praefectus
1391 3236 1450 3307 iile
1469 3247 1558 3319 tuus,
1578 3259 1756 3306 caasserous
1771 3247 1885 3306 noster

285 3370 435 3439 vinculis
456 3392 514 3438 nos
538 3370 701 3459 attiqavit
718 3368 840 3439 scetere
858 3369 1016 3451 insontes,
1037 3390 1105 3437 non
1124 3379 1238 3439 arrum
1256 3369 1432 3452 iudicavit,
1457 3393 1562 3461 neque
1581 3369 1804 3460 interruperit
1824 3392 1886 3438 nec

285 3524 356 3572 reos
375 3502 510 3585 citauit,·
526 3503 608 3594 quid
626 3503 716 3572 cobis
735 3502 880 3585 uidetur,
899 3497 1052 3594 fratres?
1065 3503 1240 3594 Numquid
1257 3502 1468 3594 praepositus
1488 3503 1548 3573 ille
1564 3503 1696 3572 domini
1706 3504 1764 3572 sui
1782 3503 1886 3572 laub

280 3632 509 3727 probabitur?

358 3766 475 3840 Valde
491 3764 679 3864 probabile
695 3779 751 3839 est
766 3767 828 3867 agi
848 3766 893 3839 de
908 3766 1091 3868 episcopis
1112 3766 1175 3865 qui
1196 3778 1379 3864 potestate
1400 3792 1467 3839 sua
1486 3766 1592 3841 abusi
1609 3779 1705 3853 sunt,
1725 3791 1809 3839 narn
1826 3766 1886 3839 in-

288 3898 342 3970 ira
358 3899 561 3972 luculenter
582 3899 626 3972 de
643 3899 826 3998 episcopis
846 3899 1006 3999 loquitur
1022 3900 1161 3984 dicens,
1184 3926 1220 3972 n.
1243 3899 1310 3971 23¹
1334 3927 1343 3970 :

362 4039 505 4127 lrtsuper
533 4037 622 4128 quod
641 4035 790 4127 pertinet
825 4037 869 4106 ad
896 4061 946 4120 ea,
976 4060 1061 4129 quae
1089 4036 1181 4105 vobis
1204 4037 1415 4128 scripsimus,
1439 4038 1664 4119 dilectissimi,
1690 4036 1785 4105 scitis
1815 4060 1882 4117 eos,

285 4169 345 4261 qui
376 4169 481 4260 teqem
509 4170 658 4239 obtinent
679 4180 710 4239 et
730 4179 945 4260 postestatem
971 4172 1117 4262 [perum]
1143 4170 1181 4239 ia
1205 4170 1331 4262 populo
1360 4181 1482 4254 nostra,
1507 4169 1643 4240 invidia
1668 4180 1769 4261 atque
1793 4169 1882 4253 adio,

284 4312 420 4393 propter
442 4301 639 4385 auaritiam,
656 4310 770 4392 captos
791 4324 872 4370 esse.
895 4305 1056 4372 doctrina
1082 4302 1198 4371 nostra
1220 4303 1370 4371 moribus
1396 4306 1520 4374 nostris
1544 4301 1723 4373 concordat
1739 4327 1749 4371 .·
1768 4305 1888 4371 mani-

284 4437 366 4524 feste
379 4434 632 4503 ambulavimus
652 4445 684 4503 et
700 4435 876 4526 manifeste
894 4436 1056 4527 castiqati
1068 4458 1200 4506 sumus.
1218 4438 1306 4506 Nam
1323 4446 1446 4505 etcum
1464 4447 1618 4506 sanctam
1634 4459 1801 4506 nranuum
1818 4438 1889 4506 inr-

283 4567 485 4657 positionem
501 4567 651 4636 domines
663 4591 685 4636 a
698 4568 793 4637 nobis
812 4568 994 4658 accipiunt,
1015 4569 1081 4637 soii
1099 4539 1312 4660 impositioni
1330 4569 1514 4639 intendunt
1527 4593 1586 4639 nec
1608 4580 1719 4639 nostro
1740 4580 1889 4662 tempore

289 4702 353 4769 cito
373 4702 540 4791 reperitur
555 4703 616 4783 uir,
635 4701 696 4792 qui
714 4712 806 4791 roqet
828 4702 938 4784 :Quis
958 4703 1051 4771 timet
1064 4698 1198 4771 Deum?
1214 4702 1272 4770 sed
1285 4703 1424 4793 maqis:
1447 4704 1530 4786 Quis
1549 4703 1650 4772 estin
1670 4702 1890 4773 ordinatione

289 4828 492 4924 antiquior?
506 4833 693 4924 Statimque
709 4844 746 4902 ut
764 4834 921 4902 auditum
941 4835 1033 4924 suit:
1050 4838 1116 4904 lste
1133 4834 1247 4903 senior
1261 4844 1329 4918 est,·
1340 4835 1459 4904 dicunt
1478 4836 1510 4903 ei
1531 4861 1541 4904 .·
1559 4837 1731 4905 Primario
1746 4835 1817 4905 ioco
1833 4838 1889 4928 [te]

289 4976 414 5055 oportet
431 4965 596 5035 adsidere.

360 5094 481 5167 Verba
505 5109 562 5168 sat
584 5095 681 5169 clara
703 5108 800 5169 sunt.
823 5095 1045 5169 Ambitionis
1069 5097 1191 5195 itaque
1215 5098 1344 5172 vitium
1367 5099 1464 5171 inter
1486 5097 1585 5171 viros
1611 5098 1889 5172 ecclesiasticos

287 5227 358 5299 late
383 5228 634 5326 grassabatur.
661 5229 800 5323 Quodsi
825 5254 912 5302 vero
936 5242 1088 5302 mortem
1112 5232 1150 5303 S.
1175 5231 1356 5304 Simeonis
1381 5257 1465 5304 cum
1491 5232 1687 5305 Assemani
1712 5258 1810 5305 anno
1837 5234 1884 5305 st

287 5360 435 5457 Saporis
463 5375 671 5459 computare
698 5362 865 5449 velimus,
894 5361 1006 5435 verba
1033 5363 1122 5436 haee
1149 5389 1192 5437 eo
1220 5378 1384 5462 ternpore
1409 5365 1546 5463 scripta
1573 5391 1655 5438 esse
1686 5365 1889 5439 dicendum

351 5644 357 5680 ¹
375 5643 570 5728 Patrologia
585 5645 737 5726 Syriaca,
755 5667 787 5728 p.
805 5645 828 5720 l,
844 5656 867 5708 t.
886 5646 909 5710 l.
