3884 6316
132 372 191 433 499
431 356 433 363 '
668 354 912 422 PRAEFATIO
935 394 973 403 -
995 354 1137 422 CAPUT
1161 357 1185 420 Ι.

206 548 287 618 Non
310 540 565 615 animadvertit
588 541 625 612 S.
658 538 816 635 Ephrem
841 537 966 637 plures
994 537 1138 610 scholas
1165 537 1437 638 philosophicas
1463 567 1576 616 unum
1601 556 1728 618 temen

132 678 320 754 Christum
335 675 488 748 adorare
498 699 621 772 posse,
637 672 722 746 licet
737 671 816 745 eius
826 684 908 745 acta
918 684 955 745 et
968 670 1144 745 attributa
1159 671 1264 744 aliter
1283 685 1391 773 atque
1407 674 1513 749 aliter
1527 691 1725 776 exponant.

208 814 311 896 Item,
334 835 372 908 p.
395 809 467 880 494
486 808 527 893 E,
545 806 634 880 dicit
655 809 693 879 S.
714 805 872 905 Ephrem
892 805 929 877 in
950 805 1136 878 Ecclesiae
1155 804 1270 878 initiis
1285 832 1359 879 non
1378 808 1564 883 exstitisse
1579 811 1730 884 nomina

135 942 346 1027 Marcionis,
370 939 552 1015 Manethis
571 940 629 1013 vel
647 939 880 1012 Bardesanis.

209 1075 282 1150 Sed
302 1073 424 1148 omnia
439 1073 502 1147 illa
520 1098 593 1146 nou
612 1071 768 1171 prahant
784 1071 1030 1146 Bardesanem
1050 1098 1123 1145 nau
1143 1072 1226 1146 dico
1247 1072 1468 1173 gnosticum,
1492 1077 1618 1150 sedne
1639 1077 1730 1151 hae-

137 1211 289 1284 reticum
302 1207 449 1307 quidem
464 1206 591 1279 fuisse.
610 1207 693 1279 Fuit
708 1205 877 1304 equidem
895 1205 968 1279 dux
989 1206 1136 1280 scholae
1153 1219 1190 1281 et
1207 1207 1287 1280 eius
1302 1207 1471 1306 discipuli
1486 1210 1632 1285 nomine
1648 1211 1731 1284 eius

136 1341 305 1443 insigniti
328 1340 489 1426 luerunt,
516 1340 614 1413 unde
635 1339 820 1413 Rahhulas
842 1339 949 1413 facile
975 1340 1095 1438 potuit
1118 1340 1200 1413 illos
1227 1366 1354 1415 ornnes
1384 1340 1432 1415 ad
1455 1366 1578 1416 veram
1597 1343 1729 1426 fidem,

136 1502 247 1577 aqua
273 1500 346 1548 non
373 1471 483 1570 longe
509 1471 677 1559 aberant,
701 1496 885 1546 revocare.

212 1800 247 1870 3⁰
265 1796 402 1871 —Alii
419 1808 540 1869 textus
556 1794 698 1867 crimini
716 1805 863 1867 vertunt
879 1793 1079 1868 Bardesani
1099 1793 1347 1894 cognitionem
1363 1821 1466 1868 suam
1486 1797 1733 1870 astronomiae

138 1942 174 2003 et
189 1930 410 2029 astrologiae
429 1956 437 2000 ι

212 2066 251 2137 Ρ.
272 2064 344 2135 439
369 2065 395 2136 Ε
420 2064 935 2148 εχεέψοὲιὶιιίῶἡηιῶο
954 2065 1053 2130 :Asta
1074 2073 1128 2120 er,
1149 2075 1215 2130 tzar
1234 2074 1334 2141 astte,
1353 2068 1489 2144 thaat·
1511 2068 1655 2157 Lepehot
1674 2067 1735 2136 ille

138 2200 372 2290 (Bardesones)
399 2222 467 2269 noa
489 2199 643 2270 ueritatis
666 2199 825 2269 alumnos
848 2198 1046 2289 prophetas,
1070 2197 1128 2268 sed
1155 2193 1255 2267 libros
1279 2198 1319 2268 de
1341 2199 1452 2290 sipnis
1476 2199 1618 2269 Zodiaci
1641 2211 1735 2269 troc-

141 2343 250 2403 tontes
269 2333 406 2403 assidue
422 2333 610 2402 volutabat.

214 2467 254 2535 P.
285 2463 356 2536 550
382 2466 410 2538 C
433 2492 441 2535 :
465 2474 585 2532 uem
603 2471 663 2533 stat·
682 2467 727 2529 st
744 2461 1079 2545 mensuetus
1096 2472 1176 2533 :tut
1193 2474 1346 2548 usurpet
1364 2469 1680 2548 prosedas-stt
1699 2475 1736 2532 ct

143 2600 313 2682 ...epm
326 2596 459 2667 deletui
470 2609 533 2656 w
546 2608 594 2667 r-'t
605 2600 678 2681 etii:
690 2600 756 2666 sis.
770 2606 879 2666 tm
890 2598 1038 2671 ὑῶν-ιθ)
1052 2600 1147 2665 tm
1165 2599 1220 2669 Sic
1239 2623 1260 2668 o
1279 2602 1421 2671 Domino
1435 2601 1643 2670 comminata
1662 2600 1735 2668 lues

141 2733 369 2803 Burdesancm
398 2734 500 2802 etiam
531 2733 696 2824 corripuit
720 2743 931 2825 septenorum
951 2733 1204 2824 principiorum
1233 2733 1475 2825 (planetarum)
1502 2744 1735 2825 repertorem:

144 2867 275 2936 malum
290 2867 378 2959 quod
390 2867 545 2937 veritatis
563 2869 692 2956 serrum
709 2866 884 2937 dotaverat
902 2866 1022 2936 intulit
1040 2867 1182 2957 porculo
1199 2867 1383 2958 sophistae,
1402 2868 1463 2958 qui
1476 2869 1578 2957 sipno
1597 2866 1741 2936 Zodiaci

140 2999 369 3090 praedicavit,
402 3011 433 3070 et
469 3000 656 3070 ohsermoit
679 3000 882 3091 horoscopus,
914 3000 1107 3092 septenario
1137 3000 1319 3092 (planetas)
1346 3000 1502 3070 laudavit
1525 3011 1563 3069 et
1590 3001 1739 3092 captavit

149 3132 260 3217 horos,
279 3143 401 3226 septem
415 3135 543 3225 occepit
551 3133 678 3224 plapos
689 3129 899 3226 (climato2),
914 3133 1052 3225 suisque
1066 3133 1218 3204 alumnia
1233 3157 1278 3202 eor
1295 3143 1491 3203 testamento
1506 3134 1735 3225 transcripsit.

217 3265 257 3335 P.
280 3264 399 3336 439Α
422 3253 1739 3348 2sensumsensurnmce1=mtmruseaustaus

146 3403 260 3471 utet-2
275 3409 360 3467 ros.
372 3407 433 3475 ,aa
446 3410 538 3474 eret·
549 3409 576 3469 tt
588 3411 665 3484 itt-pt
679 3425 810 3478 „m
823 3397 944 3480 ὕψι
958 3411 1015 3468 ιω
1032 3401 1092 3490 sipi
1106 3410 1185 3466 ortt&
1201 3402 1357 3472 Solerrme
1379 3400 1463 3493 ipsas
1485 3411 1535 3470 est
1562 3423 1737 3492 corporum

146 3534 319 3603 obseruare
338 3545 458 3619 motus,
483 3545 668 3628 temporam
687 3547 873 3627 supputare
887 3545 1071 3617 momenta,
1091 3536 1242 3605 tonitrua
1256 3557 1302 3605 ea>
1320 3534 1430 3604 codice
1447 3533 1662 3615 emaminore,
1687 3535 1740 3603 in·

143 3667 246 3758 deque
277 3689 424 3736 arcanas
450 3669 718 3761 sipaificationcs
742 3679 870 3762 petere,
892 3669 1092 3761 plenilunio
1122 3690 1198 3738 cum
1229 3667 1328 3758 sipno
1358 3667 1500 3738 Zodiaci
1527 3689 1736 3759 comparare.

143 3799 279 3870 Scilicet
301 3821 376 3868 cum
401 3811 562 3892 oporteret
579 3802 712 3872 uersari
734 3812 765 3872 et
791 3824 890 3892 opere
913 3824 990 3871 com
1013 3802 1176 3885 Ecclesia,
1199 3824 1256 3871 occ
1279 3823 1396 3892 nempe
1418 3809 1612 3870 sanctorum
1638 3801 1741 3872 libros

144 3933 355 4017 ruminante,
382 3933 483 4004 libros
496 3935 795 4026 pestilentissimos
813 3935 960 4006 studiose
978 3934 1154 4004 recolount
1167 3934 1191 4004 ⁴.

223 4066 264 4134 P.
287 4063 356 4136 553
377 4066 404 4135 E
427 4091 435 4135 τ
456 4075 559 4134 ιω»
576 4078 651 4134 isset
671 4076 776 4134 uso„
793 4083 879 4140 ωιτη
899 4068 1012 4141 ,suess
1023 4069 1074 4141 ,nt
1087 4067 1139 4134 xl
1152 4074 1272 4143 ᾠιώξ
1283 4069 1347 4152 3²³
1365 4069 1512 4159 Sufferre
1526 4068 1650 4139 dehetis
1666 4071 1739 4160 sra-

145 4210 211 4269 tres
229 4201 296 4269 mci
313 4201 545 4271 narrationem
563 4202 728 4272 dictorum
747 4204 820 4272 eius
841 4227 852 4271 .·
872 4204 1047 4273 entium...
1070 4201 1250 4272 stellarum
1267 4212 1299 4270 et
1321 4202 1496 4292 sipnorum
1520 4201 1664 4272 zodiaci.

219 4333 259 4404 P.
277 4331 1658 4417 4983:.sdssssxot.··et2=²eeesudm.nso·soe,omsxnuan
1676 4333 1743 4401 thie

148 4466 210 4536 Ubi
221 4489 286 4557 per
303 4467 453 4559 obliquos
471 4471 608 4539 viarum
625 4469 738 4560 flemus
762 4468 1011 4539 circumsonare
1028 4468 1147 4539 audies
1167 4470 1419 4539 incantatorum
1443 4468 1615 4550 carmina,
1640 4478 1672 4537 et
1690 4471 1743 4538 si-

144 4621 288 4688 pnorum
306 4602 447 4671 Zodioci
464 4601 669 4672 vocabulo...
689 4625 756 4671 non
771 4612 820 4672 est
834 4624 895 4671 cur
908 4603 1002 4671 ultra
1018 4603 1185 4692 amhipas.

209 4950 216 4987 ⁴
235 4949 339 5025 Unde,
356 4952 445 5013 iuxta
460 4951 494 5014 S.
512 4951 663 5035 Ephrem.
678 4953 753 5017 libri
768 4953 808 5016 de
821 4954 925 5037 signis
941 4953 1079 5026 Zodiaci,
1097 4953 1284 5037 horoscopis
1296 4962 1328 5016 et
1345 4953 1482 5036 planetis
1493 4960 1668 5015 tractantes
1681 4952 1742 5015 ha-

151 5055 246 5118 hendi
262 5067 337 5118 sunt
351 5057 548 5139 pestilentes.
565 5059 653 5123 Talis
668 5069 717 5123 est
730 5061 877 5144 equidem
891 5059 973 5123 liber
987 5060 1039 5122 ille
1054 5060 1176 5145 Legum
1189 5064 1370 5145 regionum.
1388 5058 1498 5142 ltaque
1513 5057 1613 5120 multu
1627 5058 1744 5121 adver-

150 5182 205 5224 sus
223 5162 402 5226 Chaldaeos
423 5173 455 5228 et
475 5164 515 5227 de
536 5166 611 5242 lata,
629 5167 759 5250 scripsit
779 5168 813 5230 S.
834 5166 974 5249 Ephrem
990 5165 1170 5248 (Adversus
1193 5167 1348 5230 haereses
1370 5186 1537 5228 sermones
1554 5168 1625 5226 4-14
1645 5164 1744 5228 idest

152 5289 207 5351 pp.
228 5273 386 5350 414-467),
403 5281 438 5333 ut
455 5272 750 5353 pestilentissimum
768 5273 885 5337 lihrum
901 5273 1092 5336 Bardesauis
1107 5272 1147 5336 de
1165 5273 1270 5336 medio
1289 5272 1428 5335 auferret
1442 5281 1474 5335 et
1496 5292 1555 5334 suo
1574 5272 1644 5355 ipso
1658 5270 1744 5334 lihro

150 5375 324 5458 suppleret.
348 5376 465 5440 Omnia
479 5378 580 5461 ipsius
595 5379 740 5463 exempla
760 5400 778 5441 a
801 5379 966 5463 Scriptura
989 5398 1082 5442 sacra
1093 5379 1206 5462 petivit
1219 5389 1252 5443 et
1266 5399 1323 5463 pra
1342 5406 1354 5435 r
1370 5398 1429 5442 ove
1444 5387 1626 5442 sauctorum
1641 5377 1744 5441 libros

151 5481 329 5545 ruminante
346 5510 360 5540 n
377 5484 516 5566 scripsit.
534 5484 625 5548 Unde
640 5486 680 5549 ah
695 5486 972 5572 argumentatione
985 5495 1018 5550 et
1032 5508 1050 5548 a
1064 5486 1215 5550 methodo
1227 5485 1422 5550 Bardesanis
1435 5493 1504 5549 toto
1519 5487 1608 5549 coelo
1622 5484 1746 5548 distant

150 5588 196 5650 illi
220 5609 384 5654 sermones
401 5593 503 5655 sancti
527 5591 666 5674 Ephrem
688 5593 842 5657 adversus
865 5592 1044 5657 Chaldaeos
1065 5602 1097 5656 et
1118 5592 1157 5656 de
1180 5593 1271 5675 Fau,
