3884 6316
272 365 331 435 674
811 357 1055 423 PRAEFATIO
1078 398 1117 407 —
1139 358 1281 425 CAPUT
1303 364 1327 426 l.

347 560 424 630 lloe
443 555 540 627 idem
565 551 694 625 suadet
721 547 1005 646 chronologicus
1026 549 1116 622 ordo
1141 562 1348 624 eventuum.
1380 553 1529 628 Simeon
1551 557 1648 630 enim
1672 584 1769 633 anno
1796 562 1868 632 344

272 703 437 765 mortuus
456 701 512 760 est
528 699 564 759 et
579 681 772 759 ecclesiam
789 680 1046 754 Seleucensem
1061 682 1163 756 iuxta
1177 684 1330 758 Amrum
1355 688 1399 758 48
1420 714 1536 761 annos
1557 691 1650 764 rexit
1673 721 1680 764 :
1701 693 1808 766 idest
1825 694 1870 766 ab

273 849 367 898 anno
388 823 472 907 326,
497 819 560 919 qui
573 817 712 916 primus
735 838 853 888 annus
873 827 929 887 est
946 826 1030 911 post
1055 817 1237 914 synodum
1257 819 1475 907 Nicaenam;
1501 823 1569 895 hoc
1596 825 1705 897 etiam
1728 827 1869 899 Barhe-

271 958 403 1030 braeus
426 951 670 1029 commendat.
695 948 758 1047 qui
781 972 863 1020 eum
884 960 968 1045 post
989 948 1189 1048 paralysim
1215 977 1328 1024 unum
1355 980 1489 1027 annum
1514 956 1652 1031 vixisse
1679 959 1814 1032 asserit
1834 973 1868 1032 et

271 1116 387 1164 annos
406 1081 855 1163 duodecimtribulationis
871 1081 909 1151 iu
921 1081 1025 1154 Actis
1037 1085 1072 1155 S.
1089 1083 1187 1155 Milis
1203 1097 1366 1159 statutos
1380 1100 1421 1160 ut
1433 1088 1554 1161 minus
1571 1104 1720 1164 exactos
1735 1092 1863 1165 reiicit.

346 1225 384 1297 Si
407 1234 528 1295 autem
551 1219 641 1302 haec
665 1217 716 1289 ita
735 1239 775 1288 sa
798 1213 969 1300 habeant,
992 1215 1181 1314 probabile
1206 1231 1262 1291 est
1286 1220 1467 1317 synodum
1491 1236 1618 1296 contra
1639 1227 1775 1323 Papam
1800 1226 1867 1298 sub

270 1359 378 1430 finem
403 1355 488 1428 anui
507 1353 579 1424 324
595 1360 831 1424 convocatum
847 1372 929 1420 essa
949 1360 986 1420 et
1005 1373 1154 1421 causam
1171 1375 1266 1424 anno
1286 1354 1454 1451 sequenti
1471 1380 1492 1426 a
1508 1356 1680 1430 Patribus
1697 1359 1867 1431 Nicaenis

270 1490 457 1564 definitam
487 1500 523 1559 et
556 1482 775 1583 dignitatem
804 1479 1046 1554 catholicatus
1080 1482 1179 1555 sedis
1216 1484 1449 1559 Seleucensis
1485 1490 1703 1563 auctoritate
1735 1491 1866 1589 synodi

271 1636 446 1698 statutam
468 1619 766 1714 attributamque,
788 1640 859 1713 quo
881 1615 962 1713 ipso
982 1640 1078 1688 anno
1099 1616 1247 1690 Simeon
1267 1618 1333 1691 bar
1356 1619 1513 1694 Sabba‘e
1534 1623 1726 1697 coadiutor
1746 1628 1866 1723 Papae

270 1758 307 1829 iu
326 1752 596 1856 pontificalibus
617 1750 825 1823 nominatus
846 1760 902 1820 est
919 1773 1002 1819 cum
1022 1749 1100 1821 iure
1122 1752 1388 1825 successionis.

345 1893 415 1962 Bar
435 1886 623 1961 Hebraeus
639 1897 766 1957 contra
788 1881 832 1954 de
853 1885 972 1979 Papae
993 1881 1222 1983 negligentia
1242 1887 1524 1974 sermocinatur,
1544 1889 1601 1962 cui
1618 1890 1728 1963 etiam
1748 1894 1866 1963 Mares

271 2022 483 2109 assentitur,
505 2021 601 2092 inter
625 2016 776 2090 crimina
796 2019 916 2113 Papae
941 2014 1085 2087 obiecta
1104 2041 1310 2091 memorans
1333 2043 1416 2092 eum
1438 2019 1566 2119 plures
1589 2022 1784 2122 episcopos
1807 2024 1868 2096 uni

271 2157 461 2253 eidemque
482 2155 562 2226 loco
578 2149 836 2251 praeposuisse
850 2151 872 2223 ¹.
896 2152 968 2220 Res
988 2148 1119 2222 saltem
1136 2150 1256 2248 quoad
1272 2152 1397 2224 sedem
1418 2156 1488 2226 Bet
1506 2157 1752 2252 Lapatensem
1771 2170 1867 2229 certa

271 2303 344 2374 est;
362 2314 446 2360 nam
467 2289 546 2373 ΜΒ,
561 2284 618 2380 (ab
631 2282 749 2377 initio)
768 2282 859 2355 duos
875 2280 1069 2380 episcopos
1086 2280 1249 2356 eiusdem
1265 2285 1425 2359 civitatis
1440 2312 1513 2358 una
1533 2314 1615 2361 cum
1636 2292 1674 2362 S.
1700 2289 1867 2362 Simeone

271 2422 413 2496 occisos
438 2430 560 2492 narrat
583 2447 590 2490 :
612 2414 814 2491 Gadiabum
836 2455 937 2506 mm.
958 2414 1170 2513 (Gdayalbl)
1192 2430 1228 2489 et
1251 2416 1447 2491 Sabianam
1471 2448 1556 2496 rm
1579 2447 1644 2494 seu
1670 2451 1770 2499 rm
1791 2426 1869 2514 (Sa-

270 2555 407 2648 bina?);
427 2567 462 2626 et
482 2553 577 2625 idem
598 2549 813 2636 observatur
832 2549 868 2620 in
889 2548 1029 2647 synodo
1055 2552 1133 2620 Mar
1152 2550 1282 2637 lsaaei,
1300 2553 1446 2649 quando
1467 2553 1558 2625 haec
1579 2553 1867 2653 subscriptiones

271 2688 380 2761 trium
396 2683 780 2783 conmetropolitarum
801 2686 867 2754 Bet
886 2660 1144 2780 Lapaten'sium
1168 2684 1333 2781 accipere
1350 2698 1385 2757 et
1406 2698 1503 2757 ratas
1524 2685 1658 2759 habere
1679 2687 1798 2760 noluit
1818 2713 1867 2758 ra·

271 2821 407 2894 tionem
425 2845 505 2891 eam
521 2817 729 2916 assignans,
746 2816 843 2913 quod
864 2815 1034 2913 Synodus
1053 2840 1126 2887 nou
1143 2815 1275 2914 aooipit
1294 2817 1387 2890 duos
1407 2819 1466 2890 vel
1481 2819 1605 2918 plures
1622 2820 1816 2918 episcopos
1832 2819 1867 2890 in

272 2980 344 3026 una
360 2953 504 3025 civitate
520 2951 728 3023 habitantes
740 2950 766 3019 ².
785 2950 843 3019 An
858 2947 980 3045 praxis
995 2947 1085 3020 haec
1105 2947 1256 3021 abusiva
1274 2976 1294 3021 a
1311 2954 1389 3022 Mar
1404 2955 1504 3048 Papa
1519 2953 1728 3026 introducta
1747 2951 1867 3036 suerit,

273 3087 408 3185 pariter
427 3087 605 3157 incertum
632 3096 700 3171 est,
724 3081 792 3154 etsi
815 3079 986 3153 facillime
1013 3081 1298 3181 intelligeretur;
1321 3083 1388 3155 hae
1408 3084 1579 3157 videlicet
1606 3085 1747 3157 ratione
1773 3088 1870 3183 Papa

273 3220 378 3291 facile
399 3216 612 3317 praepedire
636 3215 816 3314 potuisset
835 3239 880 3286 ne
901 3213 1063 3312 episcopi
1084 3215 1264 3286 Huzitidis
1285 3215 1354 3287 sibi
1375 3217 1642 3314 praevalerent,
1662 3219 1762 3291 iuxta
1784 3219 1872 3290 ada-

274 3353 376 3451 gium
399 3379 406 3421 :
436 3380 452 3421 e
476 3349 596 3422 divide
617 3361 653 3420 et
673 3348 809 3446 impera
832 3378 865 3418 ».
883 3349 1073 3446 agapetus
1089 3346 1181 3445 ipse,
1199 3349 1262 3446 qui
1280 3361 1383 3422 tanto
1403 3350 1481 3423 zelo
1501 3351 1780 3450 praerogativas
1797 3355 1874 3422 llar

275 3486 442 3571 Dadiso',
458 3481 689 3567 defendebat,
703 3507 724 3553 a
736 3480 884 3578 Synodo
898 3481 1013 3552 lsaaei
1029 3480 1076 3553 ob
1090 3482 1338 3581 arrogantiam
1352 3484 1643 3581 reprehenditur,
1658 3497 1694 3556 et
1707 3509 1873 3557 unacum

277 3622 376 3690 Mara
395 3619 481 3710 (bar
506 3615 617 3689 Sabta
642 3615 808 3712 aliisque)
827 3613 1011 3686 ambitiosi
1036 3627 1188 3686 conatus
1213 3615 1389 3713 primatus
1418 3617 1616 3715 arripiendi
1642 3620 1871 3690 aecusatur³.

350 3867 385 3938 7.
417 3869 541 3964 ltaque
570 3867 607 3936 S.
637 3862 783 3936 Simeon
814 3861 1002 3935 coadiutor
1028 3865 1147 3960 Papae
1179 3888 1274 3934 anne
1306 3862 1543 3960 probabiliter
1569 3865 1639 3936 325
1674 3891 1695 3936 a
1731 3863 1873 3963 synodo

278 3999 437 4070 Nicaena
458 3996 606 4096 agnitus
626 4009 682 4068 est
701 4008 737 4068 et
757 4020 852 4067 anno
872 3995 1039 4093 sequenti
1060 3996 1179 4067 eidem
1199 3996 1393 4068 successit.
1417 4000 1470 4068 De
1493 3996 1602 4068 rebus
1622 3996 1668 4069 ab
1688 4022 1731 4069 eo
1752 3996 1868 4095 gestis

278 4157 393 4229 usque
410 4131 455 4202 ad
471 4143 623 4202 mortem
643 4129 722 4201 eius
741 4128 925 4201 heroicam
946 4127 1035 4199 nihil
1056 4128 1126 4200 fide
1147 4128 1300 4228 dignum
1320 4155 1340 4200 a
1368 4130 1472 4228 Syris
1492 4130 1665 4216 traditur;
1689 4155 1734 4201 ex
1753 4129 1875 4227 operi-

278 4264 347 4336 bus
371 4263 568 4361 aphraatis
594 4260 883 4333 eonoludendum
903 4260 999 4332 rixas
1028 4272 1064 4333 et
1093 4260 1296 4333 discordias
1326 4262 1420 4333 inter
1440 4263 1634 4360 episcopos
1658 4262 1788 4335 ditioni
1810 4264 1878 4334 Sa-

278 4397 378 4495 poris
408 4395 575 4468 suhditos
594 4393 742 4466 minime
769 4418 949 4480 cessasse,
979 4406 1014 4465 et
1038 4393 1143 4466 valde
1168 4393 1356 4491 probabile
1386 4408 1442 4466 est
1473 4394 1620 4467 easdem
1650 4394 1880 4468 occasionem

279 4527 595 4629 persecutionibus
623 4527 772 4626 Saporis
799 4527 958 4599 dedisse.
982 4526 1152 4611 Homilia,
1176 4527 1234 4600 vel
1263 4528 1385 4625 potius
1407 4528 1561 4626 epistola
1587 4528 1772 4626 encyclica
1794 4528 1879 4600 XlV

280 4662 476 4761 aphraatis
492 4687 587 4734 anno
603 4662 675 4732 344
689 4685 814 4732 mense
831 4659 1013 4732 februario
1033 4674 1179 4732 exarata
1199 4672 1256 4732 sat
1276 4673 1400 4759 aperte
1414 4661 1543 4733 alludit
1558 4661 1603 4733 ad
1624 4693 1641 4725 α
1659 4660 1843 4759 principes
1860 4687 1879 4730 r

280 4821 433 4892 quorum
467 4794 599 4892 aliquis
633 4819 714 4866 oum
747 4819 767 4865 a
799 4819 864 4865 sua
897 4793 1084 4891 provincia
1119 4819 1192 4866 non
1225 4794 1461 4892 reciperetur,
1491 4819 1599 4893 reges
1631 4793 1723 4866 alios
1754 4792 1880 4891 proeul

282 4928 460 5000 distantes
485 4927 592 5015 adiit,
615 4940 762 4999 catenas
786 4925 1003 5023 vinculaque
1028 4926 1073 4998 ab
1098 4926 1151 4998 eis
1176 4928 1424 5024 expostulans,
1448 4952 1539 5024 quae
1564 4927 1602 4998 in
1629 4926 1820 5024 regionem
1846 4937 1882 4997 et

282 5061 465 5132 civitatem
493 5086 596 5132 suam
623 5058 809 5132 distribuit
832 5068 881 5152 (n.
905 5062 950 5151 8).
975 5062 1029 5131 De
1055 5086 1212 5158 quonam
1238 5073 1369 5132 eventu
1392 5060 1450 5131 hie
1477 5073 1608 5159 agatur
1635 5059 1712 5131 erui
1739 5057 1879 5156 nequit,

285 5226 301 5259 «
321 5220 450 5292 regum
467 5193 682 5266 distantium
705 5225 721 5259 »
749 5192 885 5265 mentio
905 5192 1066 5266 alludere
1086 5193 1230 5267 videtur
1254 5195 1300 5267 ad
1323 5197 1513 5292 Saporem,
1535 5195 1640 5267 euius
1660 5190 1882 5266 interventio

344 5397 353 5434 ⁴
374 5395 553 5471 Gismondi,
572 5418 623 5479 op.
640 5400 706 5474 eit,
726 5415 802 5480 pag.
822 5395 887 5457 det
901 5416 977 5479 pag.
996 5402 1024 5458 7.

345 5502 493 5578 ‘²Braun,
511 5525 563 5585 op.
578 5506 644 5583 cit,
662 5523 693 5585 p.
711 5507 760 5565 31.

344 5609 450 5672 3Ιόἱιί.
468 5631 500 5692 p.
518 5614 557 5672 28
571 5629 621 5692 sq.
