3884 6316
135 401 211 458 1061,
653 472 656 477 ,
807 392 1066 458 ransrnrro.

206 559 242 629 4.
267 561 360 629 Tota
380 555 638 655 Apocalypsis,
658 554 753 628 sicut
775 554 882 626 nobis
903 555 941 626 in
957 555 1091 628 Codice
1107 555 1352 628 Ambrosiano
1373 557 1572 654 praeiacet,
1599 585 1645 632 ex
1668 559 1736 632 lin-

133 717 207 790 gua
226 715 360 789 graeca
378 689 416 762 in
436 689 617 788 syriacam
636 688 815 761 translata
838 701 907 760 est.
927 691 1005 760 Hoc
1027 687 1157 760 suadet
1176 688 1428 761 testimonium
1445 690 1563 787 ipsius
1585 692 1736 766 Codicis

132 823 380 907 Ambrosiaui,
398 823 461 896 ubi
481 822 727 920 Apocalypsis
743 847 787 893 ex
805 820 932 917 lingua
951 845 1087 920 graeca
1107 821 1144 892 in
1164 821 1330 919 linguam
1349 823 1533 920 syriacam
1552 826 1734 897 translata

133 981 215 1030 esse
244 957 394 1041 dicitur,
430 954 527 1027 idem
557 956 696 1027 eruitur
725 980 770 1026 ex
803 953 950 1026 indiciis
981 954 1155 1040 internis3
1189 967 1230 1026 ut
1263 980 1381 1052 pauca
1408 968 1553 1029 tantum
1581 959 1734 1031 innnam

132 1095 217 1176 dap
240 1090 277 1160 in
300 1088 572 1187 significatione
598 1096 713 1185 κόσμος
733 1100 932 1185 usurpatur
962 1089 1033 1183 (111,
1053 1088 1104 1183 7).
1126 1088 1343 1160 Translator
1367 1088 1607 1163 nihilominus
1636 1093 1734 1164 haud

132 1223 280 1296 omniuo
311 1248 376 1320 par
407 1221 558 1320 negotio
590 1221 661 1294 sibi
689 1221 879 1319 proposito
910 1219 1025 1293 fuisse
1053 1220 1217 1305 videtur3
1251 1220 1304 1292 sic
1335 1247 1369 1293 v.
1402 1242 1482 1290 int-n
1513 1224 1733 1319 (incensum)

133 1355 252 1427 reddit
272 1380 447 1453 graecum
469 1354 688 1427 vocabulum
707 1359 901 1450 θυμιατήριον
928 1354 992 1448 (rr,
1026 1355 1073 1446 7),
1101 1371 1182 1422 ιω
1204 1367 1371 1451 usurpat,
1400 1355 1463 1428 ubi
1491 1356 1735 1454 probabiliter

131 1488 169 1559 in
189 1501 291 1560 textu
308 1513 443 1586 graeco
461 1494 542 1584 ἀρχὴ
557 1486 754 1587 legebatur
768 1487 806 1559 in
828 1486 1099 1585 significatione
1118 1514 1135 1555 c
1158 1487 1316 1584 imperii,
1336 1489 1532 1585 potestatis
1551 1519 1568 1559 n
1588 1493 1730 1587 (xxvru,

132 1623 171 1707 7,
188 1648 245 1705 xn,
264 1622 311 1714 3).
332 1623 372 1693 ln
390 1620 588 1719 periodicis
604 1619 797 1693 sententiis
814 1619 1079 1691 transferendis
1094 1619 1286 1717 imperitus
1307 1621 1595 1718 deprehenditur
1611 1628 1726 1717 (nxru,

132 1756 172 1840 63
194 1781 290 1839 uxvr,
309 1754 357 1848 2).
383 1756 480 1826 llaec
504 1753 535 1825 si
556 1753 843 1852 perpendantur,
861 1752 898 1825 in
920 1764 1023 1824 textu
1044 1753 1190 1851 syriaco
1212 1753 1469 1827 transferendo
1492 1756 1585 1827 etin
1609 1757 1733 1854 inqui-

132 1886 329 1959 sitionibus
349 1887 395 1958 ad
415 1898 602 1960 auctorem
625 1885 746 1985 operis
769 1885 1022 1985 spectantibus
1045 1885 1204 1958 maxima
1228 1886 1398 1960 cautione
1423 1912 1517 1986 opus
1543 1902 1619 1973 est;
1647 1904 1731 1965 ante

132 2020 255 2092 omnia
283 2044 436 2093 necesse
466 2019 536 2092 erit
568 2032 709 2092 textum
736 2044 910 2119 graecum
938 2017 1133 2091 restituere
1159 2043 1228 2117 ope
1257 2019 1513 2093 translationis
1543 2023 1729 2121 syriacae,

132 2166 219 2225 tunc
243 2151 389 2225 demum
410 2152 588 2250 possibile
614 2153 683 2226 erit
706 2151 1029 2250 disquisitionibus
1050 2150 1310 2224 minutioribus
1337 2177 1488 2250 operam
1507 2153 1607 2228 dare.
1632 2159 1733 2228 llauc

133 2284 180 2357 ob
205 2285 384 2358 rationem
410 2310 552 2358 errasse
579 2263 750 2383 putamus
783 2297 861 2357 tum
893 2284 1045 2358 Charles
1075 2297 1153 2357 tum
1182 2284 1329 2382 Ryssel,
1359 2287 1420 2383 qui
1447 2286 1626 2385 plurimas
1651 2312 1733 2361 cor·

133 2418 316 2491 rectiones
342 2431 464 2490 textus
485 2418 582 2491 haud
603 2444 685 2491 raro
711 2419 789 2490 sine
812 2418 1033 2490 necessitate
1057 2416 1217 2491 evidenti
1242 2433 1527 2516 proposuerunt.
1552 2424 1645 2494 ltem
1664 2422 1734 2493 im-

133 2550 310 2650 possibile
332 2564 504 2649 putamus
526 2550 805 2649 disquisitiones
826 2551 1019 2624 instituere
1040 2574 1123 2622 cum
1143 2550 1243 2624 exitu
1263 2551 1387 2649 aliquo
1414 2566 1515 2626 certo
1545 2553 1590 2626 de
1620 2579 1735 2653 quae-

135 2685 253 2757 stione
279 2685 341 2756 illa
366 2684 518 2771 difficili,
543 2710 652 2783 quarn
676 2686 730 2757 De
756 2688 853 2782 Faye
874 2696 910 2757 et
934 2682 1098 2756 Kabisch
1121 2696 1158 2756 et
1177 2685 1324 2756 demum
1349 2685 1502 2758 Charles
1526 2701 1731 2770 moverunt,

134 2830 255 2889 utrum
270 2816 442 2890 videlicet
457 2830 585 2890 auctor
603 2817 881 2916 Apocalypseos
899 2816 956 2889 vir
972 2841 1083 2900 unus,
1106 2842 1152 2887 an
1172 2816 1298 2915 plures
1314 2817 1464 2890 fuerint.
1489 2823 1588 2892 Haec
1613 2833 1735 2892 autem

135 2950 302 3047 quaestio
328 2949 465 3047 pendet
492 2976 512 3022 a
538 2951 714 3023 relatione
739 2950 1018 3048 Apocalypseos
1048 2950 1192 3021 Baruch
1221 2974 1241 3021 a
1270 2950 1364 3023 libro
1390 2954 1440 3024 lV
1467 2952 1608 3025 Esdrae
1638 2965 1735 3026 recte

134 3081 335 3155 intellecta.
360 3085 436 3154 lam
451 3083 548 3155 euim
565 3083 693 3155 llwald
710 3083 896 3180 perspexit
920 3081 1111 3182 analogias
1129 3095 1253 3155 tantas
1272 3083 1369 3156 inter
1387 3085 1495 3158 ambo
1519 3085 1608 3157 baec
1624 3111 1736 3184 opera

135 3215 375 3302 intercedere,
396 3228 438 3288 ut
459 3215 651 3313 utriusque
674 3216 796 3313 operis
823 3240 937 3287 uuum
960 3214 1192 3313 eundemque
1215 3228 1405 3288 auctorem
1430 3242 1513 3290 esse
1535 3218 1729 3316 putaverit.

137 3349 234 3419 Haec
255 3347 438 3419 sententia
457 3347 606 3445 quidem
627 3347 698 3420 iam
720 3347 857 3420 dudum
877 3347 1052 3420 oblivioni
1072 3347 1207 3419 tradita
1227 3360 1297 3432 est,
1316 3360 1477 3421 attamen
1497 3375 1626 3422 omnes
1646 3375 1735 3422 con-

136 3479 283 3565 cedunt,
304 3478 439 3553 librum
469 3481 607 3553 Esdrae
639 3481 683 3553 ab
707 3480 932 3579 Apocalypsi
956 3480 1113 3566 Baruch,
1134 3480 1192 3553 vel
1219 3480 1299 3553 vice
1326 3507 1434 3554 versa
1458 3482 1639 3580 pendere3
1663 3508 1735 3555 non

136 3624 258 3683 autem
282 3613 517 3686 consentiunt
540 3613 578 3684 in
604 3613 812 3685 definienda
831 3613 1021 3710 prioritate
1046 3613 1221 3686 librorum
1248 3613 1415 3685 istorum.
1434 3616 1530 3686 Dum
1552 3602 1652 3687 euim
1674 3640 1735 3686 an·

135 3744 315 3842 tiquiores
352 3747 533 3845 (Langen,
572 3745 801 3846 Hilgenfeld,
844 3745 1043 3830 Wicseler,
1077 3745 1260 3830 Staheliu,
1299 3749 1441 3829 lienam
1487 3749 1732 3844 Drummond,

139 3877 353 3963 Rosenthal,
383 3878 580 3973 Dillmann)
607 3878 741 3951 librum
771 3879 909 3950 Esdrae
936 3878 1182 3977 antiquiorem
1206 3878 1438 3977 prioremque
1463 3879 1732 3964 existimarunt,

136 4010 359 4084 recentiores
386 4010 486 4084 docti
515 4011 743 4109 prioritatem
767 4011 1045 4116 Apocalypseos
1075 4011 1219 4083 Baruch
1253 4010 1468 4084 defendunt.
1491 4012 1735 4086 Wellhausen

135 4156 309 4240 provocat
351 4143 397 4216 ad
434 4143 592 4216 vividam
627 4144 937 4242 dramaticamque
971 4143 1258 4241 descriptionem
1293 4144 1404 4218 Urbis
1443 4169 1607 4231 eversae,
1643 4171 1735 4244 quae

136 4287 268 4348 testem
304 4276 490 4348 oculatum
519 4291 719 4374 supponat:
751 4289 942 4374 praeterea
969 4301 1013 4348 ex
1042 4276 1123 4375 ipso
1151 4277 1299 4349 nomine
1329 4277 1491 4363 Baruch,
1521 4278 1628 4351 cuius
1652 4303 1735 4378 per-

138 4432 265 4481 sonam
297 4423 425 4482 auctor
457 4408 540 4483 libri
575 4409 747 4512 assumit,
773 4408 960 4481 concludit
996 4409 1128 4481 librum
1161 4411 1305 4482 Baruch
1339 4410 1457 4483 Esdra
1490 4411 1734 4509 antiquiorem

137 4564 236 4626 esse;
264 4541 295 4613 si
318 4542 415 4614 enim
436 4541 572 4613 Esdras
597 4555 681 4615 ante
706 4542 850 4620 Baruch
875 4541 1099 4639 scripsisset,
1122 4541 1201 4614 sine
1227 4542 1340 4614 dubio
1362 4567 1495 4616 nomen
1522 4543 1647 4643 potius
1665 4542 1734 4615 viri

139 4673 238 4744 illius
262 4673 452 4773 elegisset,
480 4674 541 4771 qui
570 4674 676 4747 testis
705 4674 792 4746 olim
823 4685 901 4747 erat
927 4674 1096 4747 oculatus
1124 4675 1243 4748 eversi
1269 4676 1476 4749 Sanctuarii
1501 4675 1735 4775 civitatisque

111 4799 113 4802 ’
139 4831 283 4893 sacrac;
297 4807 445 4880 invento
468 4819 591 4880 autem
604 4788 713 4893 libro,
727 4808 832 4879 cuius
853 4818 981 4879 auctor
1003 4832 1137 4879 nomen
1153 4809 1297 4880 Baruch
1318 4809 1389 4880 iam
1412 4808 1555 4906 pridem
1578 4834 1736 4908 usurpa·

137 4938 243 5025 verit,
266 4939 543 5038 pseudonymon
564 4940 701 5012 Esdrae
729 4939 866 5038 eligere
895 4919 1077 5013 maluerit.
1106 4943 1224 5034 Quam
1246 4941 1385 5013 incerta
1419 4942 1507 5014 baec
1537 4966 1736 5040 argumen-

139 5069 230 5142 tatio
247 5071 294 5143 sit
310 5072 441 5145 exinde
466 5072 678 5158 concludas,
702 5072 800 5169 quod
819 5072 902 5157 viri,
921 5096 1013 5168 quos
1035 5097 1147 5170 supra
1168 5071 1330 5158 laudavi,
1351 5073 1483 5147 iisdem
1509 5073 1738 5172 argumentis

138 5202 367 5300 prioritatem
405 5205 543 5277 Esdrae
581 5204 841 5279 defendebant.
871 5207 1143 5304 Argumentum
1178 5230 1265 5277 vero
1298 5205 1455 5278 alterum
1493 5205 1739 5281 Wellhausen

140 5334 247 5433 plane
276 5336 381 5409 futile
407 5351 477 5410 est.
516 5337 607 5432 Quis
639 5337 741 5410 novit
769 5337 949 5410 rationem
978 5337 1132 5435 lingere,
1169 5336 1217 5409 ob
1254 5364 1364 5436 quam
1398 5352 1525 5412 auctor
1552 5339 1742 5440 Apocaly-

138 5492 247 5565 pseos
270 5468 421 5542 alterius
443 5495 575 5542 nomen
601 5470 739 5542 Esdrae
766 5470 944 5568 elegerit?
969 5469 1027 5541 An
1048 5493 1121 5542 non
1151 5470 1333 5568 potuisset
1365 5470 1437 5544 alia
1456 5470 1606 5544 nomina
1631 5497 1743 5547 coae-

139 5624 267 5672 vorum
295 5604 439 5674 Baruch
461 5603 647 5675 iuvenire?
669 5605 796 5700 Aeque
818 5602 959 5675 incerta
983 5615 1040 5674 est
1066 5603 1234 5700 quaestio
1255 5603 1388 5690 altera,
1411 5627 1521 5702 quam
1540 5604 1744 5703 separatim
