3884 6316
564 414 619 476 DE
642 413 972 488 PERSECUTIONE
996 412 1190 478 SAPORIS.
1616 421 1674 478 703

79 614 192 686 esset,
209 603 355 699 quando
373 600 603 676 barba‘smin
621 602 775 701 regebat
795 602 958 677 Orientis
976 602 1168 676 ecclesiam
1180 605 1205 688 ¹,
1223 602 1285 701 qui
1304 616 1400 676 teste
1416 604 1673 677 Barhebraeo²

79 735 275 834 episcopos
290 748 327 807 et
342 735 537 834 religiosos
556 734 660 808 enixe
676 734 904 821 hortabatur,
924 747 964 808 ut
977 748 1100 808 vestes
1121 748 1303 808 mutarent
1317 734 1492 834 albasque
1513 736 1674 809 saecula·

79 868 173 939 rium
197 867 314 940 instar
337 868 543 954 induerent,
566 893 639 967 quo
660 868 799 940 illatam
819 867 865 940 ab
885 867 997 968 impio
1024 871 1161 967 Sapore
1179 868 1471 966 persecutionem
1492 869 1675 943 declinare

79 1013 245 1100 possent.
269 1004 343 1073 Nec
359 1001 464 1073 facile
480 999 668 1099 probabile
688 1014 745 1074 est
762 1013 1016 1099 temporetam
1034 1001 1241 1101 periculoso
1256 1001 1414 1099 aliquem
1431 1001 1548 1075 virum
1565 1002 1676 1075 ambi·

80 1134 216 1206 tiosum
229 1133 388 1206 bonores
407 1158 596 1232 quaerere,
615 1133 676 1232 qui
693 1133 726 1206 ei
744 1133 834 1205 nihil
849 1134 1032 1219 utilitatis,
1051 1134 1123 1208 imo
1137 1134 1396 1208 detrimentum
1410 1135 1533 1234 potius
1548 1135 1676 1209 allerrc

81 1278 265 1366 poterant.
291 1270 447 1340 Demum
471 1293 491 1339 e
516 1292 553 1338 n.
575 1269 622 1339 45
648 1267 813 1340 eiusdem
842 1270 947 1341 Dem.
968 1280 1068 1367 patet
1089 1292 1215 1366 pacem
1240 1281 1403 1341 mutuam
1425 1268 1678 1368 episcoporum

82 1399 260 1474 ecclesiae
274 1399 437 1474 Orientis
453 1400 563 1473 etiam
579 1400 746 1474 discidiis
764 1400 948 1473 turbatam
967 1400 1094 1486 suisso,
1113 1401 1159 1474 ad
1174 1426 1266 1499 quas
1283 1401 1514 1500 potissimum
1529 1426 1677 1500 compo·

82 1534 223 1606 nendos
242 1533 447 1630 Aphraates
468 1532 661 1631 epistolam
675 1559 779 1606 suam
800 1559 839 1606 se
855 1533 1121 1632 conscripsisse
1138 1546 1308 1607 testatur.
1329 1536 1403 1607 Nec
1416 1532 1564 1607 obstant
1583 1533 1678 1607 allu-

83 1667 207 1739 siones
232 1667 278 1738 ad
300 1666 465 1739 diversas
488 1666 728 1752 calamitates,
753 1692 845 1765 quas
867 1666 1003 1740 ibidem
1027 1667 1235 1765 frequenter
1261 1681 1537 1751 commemorat3
1561 1692 1678 1739 annus

83 1799 181 1873 enim
197 1812 349 1896 quartus
365 1800 557 1898 agebatur,
577 1825 649 1897 quo
665 1799 844 1873 ecclesiae
865 1799 1004 1872 destrui
1025 1824 1191 1898 coepere,
1210 1825 1283 1871 non
1298 1824 1390 1899 ergo
1409 1798 1539 1872 mirum
1560 1813 1628 1885 est,
1647 1800 1677 1872 si

82 1932 319 2031 probationes
342 1933 527 2006 Ecclesiae
547 1933 705 2005 inllictas
727 1933 865 2006 recolat
884 1958 1020 2031 easque
1038 1932 1076 2006 in
1093 1958 1248 2032 poenam
1267 1945 1501 2032 peccatorum
1520 1933 1566 2006 ab
1588 1933 1679 2032 ipsis

81 2064 310 2165 principibus
331 2066 518 2139 Ecclesiae
539 2067 817 2139 commissorum
833 2065 1013 2139 accidisse
1032 2078 1184 2139 statuat.

159 2199 370 2272 Persecutio
390 2199 543 2297 proinde
557 2224 596 2272 re
614 2225 701 2272 vera
719 2224 814 2272 anno
833 2201 876 2271 31
901 2199 1050 2298 Saporis
1064 2199 1208 2297 incepta
1223 2212 1293 2283 est,
1313 2200 1367 2272 uti
1388 2198 1564 2298 Martyria
1578 2212 1680 2272 utra-

84 2357 155 2430 que
179 2345 275 2406 recte
296 2345 480 2418 statuunt3
504 2344 627 2406 errant
647 2345 783 2421 autem,
802 2358 884 2405 cum
903 2345 1057 2406 mortem
1079 2332 1259 2406 Simeonis
1279 2334 1347 2405 hoc
1368 2332 1496 2406 eodem
1514 2356 1609 2405 anno
1625 2357 1682 2404 ac·

83 2465 218 2538 cidisse
229 2465 367 2538 dicunt.
380 2467 551 2539 Ceterum
562 2490 607 2538 ex
617 2464 709 2563 ipsis
722 2465 907 2565 martyriis
920 2464 1047 2565 liquet,
1061 2465 1279 2538 documenta
1290 2465 1433 2564 origine
1444 2473 1553 2537 tenus
1565 2477 1683 2537 utros·

84 2623 156 2696 que
176 2610 328 2671 eventus
348 2597 576 2687 distinxisse,
603 2610 711 2697 prout
727 2624 772 2672 ex
797 2598 940 2672 duobus
960 2599 1070 2685 datis,
1097 2600 1140 2671 31
1164 2623 1259 2671 anno
1276 2598 1426 2696 Saporis
1445 2611 1481 2670 et
1503 2598 1569 2670 117
1587 2622 1684 2669 anno

85 2730 368 2803 Sassanidarum
384 2731 509 2830 liquet,
531 2731 569 2804 hi
589 2731 713 2830 itaque
730 2731 871 2804 numeri
884 2756 948 2830 per
968 2755 1129 2805 errorem
1153 2730 1447 2830 inexplicabilem
1463 2730 1510 2802 ad
1528 2730 1684 2803 eundem

85 2876 255 2937 eventum
270 2863 535 2951 referebantur,
557 2876 666 2963 atque
687 2889 732 2937 ex
749 2865 816 2937 bac
837 2863 1122 2937 identificatione
1141 2863 1235 2937 alius
1257 2889 1358 2937 error
1373 2874 1475 2936 ortus
1487 2874 1561 2960 qest.
1583 2859 1683 2935 Reli-

84 3023 157 3096 qua
172 2997 267 3069 enim
288 2998 475 3097 martyria,
495 3022 587 3096 quae
603 2997 740 3096 pariter
761 2997 904 3097 origine
923 3011 1032 3071 tenus
1052 3022 1074 3070 a
1093 3009 1209 3071 morte
1231 3000 1269 3070 S.
1289 2996 1470 3069 Simeonis
1495 3007 1684 3069 numerata

86 3156 167 3203 esse
195 3131 379 3216 videntur,
403 3131 579 3229 martyrio
603 3134 640 3201 S.
668 3131 850 3204 Simeonis
875 3130 1089 3230 anticipato,
1112 3130 1218 3203 annis
1240 3143 1399 3229 quatuor
1422 3141 1561 3202 remota
1583 3142 1681 3201 sunt.

86 3262 169 3335 Alia
185 3264 351 3362 quaestio
368 3277 491 3336 tamen
507 3275 577 3348 ost,
602 3277 726 3337 utrum
749 3262 842 3336 falsa
858 3263 947 3336 baec
972 3263 1195 3362 computatio
1212 3287 1390 3336 annorum
1410 3260 1531 3336 omnia
1546 3273 1685 3360 marty-

87 3397 141 3468 ria
167 3396 330 3469 allecerit
356 3422 404 3469 an
438 3396 560 3495 aliqua
585 3397 751 3470 tautum?
778 3400 1008 3495 Responsum
1036 3397 1115 3495 ipsa
1145 3396 1238 3469 Acta
1269 3400 1470 3494 Martyrum
1497 3394 1681 3468 exhibent.

85 3530 297 3602 Persecutio
322 3529 493 3602 nimirum
513 3555 609 3603 anno
629 3531 673 3602 31
697 3530 847 3629 Saporis
871 3531 1016 3629 incepta
1036 3554 1151 3629 usque
1172 3531 1218 3604 ad
1241 3542 1395 3601 mortem
1418 3528 1530 3628 Regis
1549 3528 1686 3627 perdu-

86 3662 192 3747 ravit,
219 3688 327 3760 porro
347 3677 473 3736 notum
493 3675 551 3735 ost
570 3689 614 3737 ex
632 3663 736 3736 Actis
761 3662 1018 3756 ‘Alkebsmaa
1046 3689 1142 3735 anno
1162 3665 1207 3736 37
1229 3661 1500 3735 persecutionis
1520 3661 1685 3759 (proinde

87 3796 158 3867 378
185 3795 260 3867 lere
291 3821 387 3869 anno
415 3797 519 3893 Diri),
545 3822 680 3869 novum
710 3796 870 3869 edictum
899 3809 1026 3870 contra
1052 3795 1283 3870 Christianos
1307 3795 1441 3868 exiisse
1470 3806 1507 3867 et
1538 3805 1685 3866 sanctos

86 3929 179 4001 istos
196 3930 389 4027 Martyres,
408 3929 572 4027 quicum
596 3916 818 4003 ‘Akkebsma
838 3928 937 4028 passi
959 3942 1057 4016 sunt,
1082 3954 1147 4028 per
1164 3929 1362 4002 triennium
1378 3929 1415 4000 in
1436 3927 1602 4001 custodia
1620 3927 1684 4000 de·

87 4074 210 4135 tentos
227 4075 262 4135 et
279 4061 403 4135 multis
421 4062 644 4135 cruciatibus
664 4075 781 4135 tortos
802 4088 904 4150 esse;
922 4062 1007 4135 hinc
1025 4062 1141 4161 liquet
1159 4062 1375 4162 martyrium
1394 4061 1638 4134 ‘Akkebsmae
1650 4073 1686 4132 et

87 4194 272 4266 sociorum
286 4207 384 4267 recte
398 4195 435 4266 in
455 4195 559 4268 Actis
576 4195 690 4269 statui
701 4199 728 4281 ³,
751 4221 848 4268 anno
865 4195 994 4269 ultimo
1011 4196 1173 4295 Saporis
1191 4196 1262 4268 379
1275 4195 1455 4298 evenisse,
1473 4206 1509 4267 et
1530 4194 1607 4266 sine
1620 4193 1683 4266 du·

87 4327 150 4398 bio
170 4326 279 4399 etiam
295 4326 393 4400 idem
411 4328 605 4400 dicendum
617 4329 685 4402 erit
701 4329 746 4401 de
763 4329 867 4401 Actis
887 4332 924 4400 S.
947 4331 1150 4428 Martyrum
1164 4329 1389 4426 captivorum
1402 4331 1428 4413 ⁴,
1449 4327 1511 4424 qui
1527 4351 1622 4399 anno
1639 4327 1684 4399 53

88 4459 240 4558 Saporis
255 4461 470 4560 martyrium
487 4461 644 4534 subiisse
660 4461 844 4547 dicuntur,
864 4463 901 4534 id
917 4474 974 4535 est
993 4487 1089 4534 anno
1107 4463 1192 4549 362,
1215 4461 1319 4534 initio
1336 4460 1421 4533 belli
1435 4459 1537 4559 longi
1554 4458 1683 4531 luliani

87 4604 278 4690 apostatae
299 4587 386 4665 cum
403 4596 558 4692 Sapore;
581 4620 755 4667 numerus
776 4596 898 4694 itaque
919 4621 1002 4667 cum
1027 4595 1216 4668 eventibus
1241 4594 1387 4667 aliunde
1411 4593 1508 4666 notis
1533 4616 1685 4665 concor-

88 4726 165 4813 dat,
186 4726 338 4824 proinde
361 4727 460 4800 nulla
483 4730 575 4800 ratio
596 4742 665 4815 est,
688 4755 752 4801 cur
771 4729 963 4801 veritatem
983 4728 1069 4800 anni
1092 4728 1255 4827 martyrii
1270 4727 1307 4800 in
1327 4726 1478 4799 dubium
1496 4750 1680 4811 uocemue,

150 4947 158 4983 ⁴
179 4946 232 5009 Sic
258 4946 340 5010 bota
365 4925 506 5011 Sabdost
525 4960 557 5011 et
576 4949 790 5021 Barbn‘bmin,
815 4950 933 5033 quibus
954 4950 1129 5011 assentitur
1152 4949 1391 5022 Barhebraeus3
1413 4946 1492 5009 Amr
1513 4948 1566 5009 ibn
1586 4946 1686 5008 Malta

86 5061 200 5113 contra
220 5052 330 5114 sedem
351 5053 576 5117 Seleucensem
596 5056 688 5117 anilis
709 5056 811 5117 tribus
831 5077 963 5118 vacasse
983 5055 1061 5117 dicit
1080 5065 1111 5117 et
1133 5065 1267 5117 mortem
1287 5054 1421 5117 babdost
1438 5073 1520 5115 anno
1535 5058 1591 5114 661
1609 5073 1683 5114 eve·

86 5158 176 5220 nisse
192 5159 316 5221 statuit.

150 5263 201 5326 ²l.
220 5265 258 5326 B.
275 5264 436 5328 Abbcloos
455 5277 487 5330 et
506 5268 567 5330 Th.
586 5268 696 5349 Lamy,
717 5267 872 5351 Gregorii
887 5268 1096 5331 Barbebruei
1109 5268 1285 5331 chronicon
1305 5267 1574 5345 ecclesiasticum,
1595 5275 1618 5327 t.
1643 5264 1682 5340 ll,

85 5371 233 5446 Lovanii,
253 5375 340 5446 1874,
358 5394 390 5455 p.
408 5380 457 5435 39.

149 5477 162 5516 ³
184 5478 231 5540 St.
256 5477 293 5540 F..
314 5479 494 5556 Assemani,
516 5479 601 5543 Aeto
623 5482 681 5546 SS.
698 5483 887 5563 allorryrum
903 5484 1113 5545 orientalium
1129 5494 1160 5544 ct
1178 5484 1441 5556 occidentalium,
1463 5491 1486 5543 t.
1509 5479 1533 5556 l,
1552 5479 1685 5552 Romae,

85 5588 179 5658 1748,
197 5604 228 5666 p.
249 5588 316 5646 178.

150 5691 162 5727 ⁴
179 5689 263 5752 leid.
280 5712 312 5774 p.
332 5697 399 5755 134.
