3884 6316
670 403 675 411 '
731 416 863 482 inum
886 415 1246 484 mormusnnrn.
1714 426 1793 484 1392

268 582 421 678 lnsuper
444 593 568 653 textus
593 581 765 678 praefert,
787 605 898 653 voees
918 605 1073 680 graecas
1093 607 1173 679 quur
1195 582 1241 655 ad
1261 581 1420 654 medium
1440 605 1570 654 nevum
1589 594 1687 655 certe
1712 607 1792 679 per·

189 705 309 778 tinent
328 704 422 778 sicut
438 713 586 803 εὖγαλεῑν,
603 717 781 795 moderor,
800 702 983 802 μκνδηλιον,
1004 709 1160 803 deperimus
1178 719 1251 778 ete.

268 829 371 902 Unde
394 829 528 902 suffieit
554 829 660 902 nobis
684 829 865 928 originem
894 829 1031 902 horarii
1059 830 1216 927 primurn
1247 830 1430 903 revelasse
1459 830 1659 919 (0011371,
1684 829 1709 904 l.
1735 832 1794 927 15)

190 953 446 1051 antiquitatem
466 953 781 1053 Apotelesmatum
798 951 983 1051 Apollonii
1002 953 1212 1027 vindicasse
1232 953 1315 1045 (eol.
1342 954 1448 1039 1370,
1467 954 1491 1028 l.
1513 954 1616 1050 l-16)
1635 967 1671 1026 et
1686 954 1793 1027 istius

192 1077 352 1150 hominis
378 1078 538 1152 indolem
563 1091 713 1151 notasse
737 1078 800 1176 (oi.
825 1077 1021 1161 Praefatio,
1048 1081 1093 1163 11,
1118 1079 1187 1149 eol.
1214 1078 1460 1174 1364-1368);
1484 1079 1560 1152 sive
1582 1079 1678 1152 enim
1699 1104 1792 1178 opus

191 1201 282 1274 illud
312 1202 357 1274 ab
383 1203 539 1301 ipsomet
562 1201 758 1301 Apollonio
786 1214 978 1300 promenet
1007 1202 1129 1275 sivos
1156 1202 1286 1300 primis
1315 1202 1394 1275 eius
1422 1202 1626 1300 discipulis,
1657 1203 1793 1301 optime

190 1325 347 1423 quadrat
369 1352 452 1399 oum
477 1326 534 1399 his
560 1326 773 1399 notionibus
799 1352 891 1426 quae
922 1325 968 1398 ab
996 1326 1156 1425 antiquis
1184 1326 1398 1399 auctoribus
1426 1326 1472 1399 de
1492 1327 1690 1426 Apollonio
1717 1340 1794 1400 tra-

189 1450 327 1522 duntur
342 1464 378 1523 et
397 1450 503 1549 proin
522 1451 602 1523 eius
626 1450 786 1524 indolem
810 1477 904 1524 nova
926 1450 1008 1524 luce
1027 1450 1213 1550 perfundit
1230 1454 1254 1523 ⁴.

250 1684 278 1741 1.
303 1679 369 1742 Has
388 1680 535 1743 notiones
549 1680 722 1745 vernaculo
738 1700 891 1744 sermone
912 1680 1121 1765 exposuimus
1141 1681 1173 1742 in
1194 1680 1303 1744 Reeue
1316 1680 1357 1742 de
1376 1680 1534 1742 l’lnsn'tut
1547 1681 1734 1763 catholique
1755 1680 1795 1743 de

190 1786 303 1863 Poris,
330 1791 419 1861 1907,
445 1808 477 1870 p.
505 1793 641 1849 158-173
663 1789 724 1850 sub
745 1787 838 1850 titulo
859 1809 866 1848 :
889 1787 934 1851 Le
958 1800 1132 1850 testament
1157 1784 1300 1849 d'Adam
1325 1799 1356 1849 et
1382 1788 1429 1849 les
1455 1788 1632 1849 talismens
1652 1786 1790 1869 d'Apol-

192 1894 301 1955 lenius
323 1894 363 1955 de
385 1893 507 1975 Tyane.
528 1893 662 1977 Insuper
682 1894 721 1956 de
741 1894 888 1956 versione
910 1893 1010 1956 latine
1028 1893 1082 1956 alii
1100 1893 1208 1975 operis
1226 1891 1399 1977 Apollonio
1419 1892 1574 1977 adscripti
1595 1892 1655 1972 (Cf.
1677 1915 1793 1975 supra,

190 1998 253 2062 eol.
272 2004 360 2074 13611,
375 2020 406 2062 n.
424 2005 451 2081 2)
468 1999 682 2064 disseruimus
697 2000 730 2062 in
743 2000 853 2064 Reeue
867 2000 908 2063 de
923 2000 1064 2063 l'Orr'ent
1079 1999 1244 2078 Cdrdtr'en,
1264 2005 1351 2076 1907,
1369 2021 1401 2083 p.
1417 2006 1456 2062 99
1472 2004 1490 2062 ὲ
1507 2006 1575 2074 106,
1593 2000 1654 2063 sub
1673 1998 1768 2062 titulo
1786 2021 1793 2061 :

195 2106 266 2169 Une
284 2109 444 2169 ancienne
464 2109 591 2169 version
614 2109 717 2170 latine
739 2107 784 2168 du
803 2107 963 2170 Belinons
978 2107 1082 2169 erube
1097 2105 1302 2190 (Apollonius
1322 2107 1362 2169 de
1383 2106 1501 2188 Tyaue]
1515 2108 1599 2187 saite
1615 2128 1684 2188 por
1699 2106 1796 2188 Hugo

192 2212 443 2276 Sanrtelliensis
457 2226 489 2275 et
508 2213 682 2275 conservee
697 2213 782 2275 dans
797 2234 840 2276 un
862 2215 1047 2275 manuscrit
1061 2213 1106 2274 du
1124 2223 1185 2274 xu⁰
1196 2214 1305 2277 siecle.
