3884 6316
330 415 385 477 DE
408 410 681 477 ARGUMENTO
704 410 758 474 ET
780 409 933 473 MUTUA
955 409 1199 473 RELATIONE
1222 411 1542 476 RECENSIONUM.
1677 422 1736 480 cta

138 631 242 699 11111161
266 618 384 688 essent,
407 605 620 674 narrationis
642 603 745 672 ctiam
764 603 908 672 candore
927 613 959 671 et
983 602 1196 693 inqenuitate
1221 604 1413 672 maalmam
1435 605 1536 697 fidem
1554 608 1665 696 [acere
1680 611 1735 678 oi-

139 743 317 809 debantur.
338 744 446 809 Porro
465 738 554 830 quod
578 738 700 806 attinet
718 737 763 804 ad
778 735 941 806 historiae
961 736 1233 827 germanitatem,
1258 759 1345 827 quae
1367 736 1495 806 duobus
1520 738 1610 808 hisce
1633 742 1736 810 Codi-

140 876 232 943 ribus
247 874 518 955 continebantur,
539 871 629 940 'rende
655 871 834 939 materiam
853 892 984 938 omnem
1001 870 1046 939 ad
1069 869 1248 940 Volumina
1259 869 1347 938 'haec
1370 871 1571 940 instruenda
1586 873 1737 965 deprom-

138 1009 246 1076 simus
273 1033 283 1076 :
312 1007 480 1075 neminem
509 1027 617 1073 unum
643 1005 731 1072 harro
755 1003 866 1094 ipsam
893 1005 1081 1072 versionem
1104 1013 1256 1071 nostram
1278 1002 1433 1072 uisurum
1453 1015 1628 1094 putamus,
1652 1009 1736 1097 quin

135 1142 296 1231 protinus
319 1139 561 1230 inthcrrimae
595 1147 626 1205 et
648 1136 935 1227 castiqatissimae
962 1136 1174 1205 narrationis
1198 1136 1322 1204 colores
1350 1159 1464 1206 omnes
1490 1137 1736 1228 deprehendat,-

138 1284 337 1342 cctnstatem
350 1294 423 1341 1616
435 1271 596 1342 Codicum
607 1269 686 1340 inde
696 1280 883 1361 arquat...,
896 1269 984 1360 quod
995 1269 1201 1338 characteris
1215 1273 1336 1360 sorma,
1349 1280 1450 1361 atque
1462 1272 1573 1361 apices
1586 1283 1618 1341 et
1628 1273 1731 1355 aliae,

139 1429 225 1496 quae
238 1407 414 1496 plurimae
428 1415 611 1497 suppetunt
625 1404 837 1473 coniecturae
855 1403 1075 1472 ducentorum
1093 1404 1311 1494 septuag-iata
1327 1426 1432 1494 supra
1452 1405 1547 1473 mille
1564 1428 1735 1475 annorum

141 1550 285 1609 6611116111
305 1540 582 1630 manifestissimo
611 1538 733 1606 oleant.
764 1538 803 1606 ld
820 1558 939 1619 eruum,
959 1536 1047 1628 quod
1071 1536 1125 1605 hic
1134 1536 1366 1628 percommode
1387 1537 1489 1620 cadit,
1519 1549 1548 1607 te
1570 1541 1733 1609 monitum

141 1673 309 1756 oolrrmas,
330 1673 453 1762 ipsam,
473 1671 612 1763 quaein
631 1670 691 1739 hoc
707 1671 826 1740 Codice
839 1673 954 1762 primo
969 1670 1116 1739 occurrit
1129 1668 1368 1738 admirabilem
1388 1671 1422 1739 S.
1442 1671 1609 1740 Simeonis
1626 1673 1736 1763 Stpli-

143 1817 196 1873 tae
214 1807 332 1888 6116111,
352 1828 444 1874 arcuo
459 1805 745 1874 Antiochenorum
766 1803 1036 1894 quinqentesimo
1050 1803 1213 1892 oiqesr'mo
1228 1802 1352 1894 primo,
1372 1803 1427 1872 die
1446 1804 1737 1895 decimoseptimo

140 1940 271 2029 Aprilis
295 1939 384 2031 scrin
411 1949 534 2030 quarta
561 1947 743 2007 eanratam
776 1938 845 2028 leqi
870 1938 907 2006 in
931 1937 1127 2028 Epiqraphc
1152 1936 1197 2005 ad
1224 1936 1297 2006 eius
1325 1937 1448 2006 calcem
1480 1938 1595 2006 cadem
1630 1960 1736 2007 mauu

140 2069 283 2150 adiecta,
303 2091 404 2159 quam
434 2068 604 2158 inteqram
633 2089 693 2136 suo
717 2067 786 2135 loco
814 2067 983 2137 dabimus.
1000 2067 1105 2158 Atqui
1128 2065 1298 2157 Epocham
1325 2065 1569 2135 Antiochenam
1589 2067 1736 2157 quadra·

139 2197 238 2284 pinta
259 2207 382 2287 septem
401 2195 505 2264 antris
527 2195 705 2284 culparem
724 2195 854 2265 Christi
878 2198 1001 2264 Aetam
1020 2204 1226 2264 antevertere
1248 2217 1302 2263 res
1323 2204 1371 2262 est
1391 2195 1545 2263 omnibus
1563 2195 1736 2284 patentis-

137 2331 238 2411 sima,
263 2351 359 2397 tremo
378 2338 555 2420 propterca
580 2328 715 2421 inficias
739 2328 812 2411 ibit,
837 2328 1000 2410 Codicem,
1024 2328 1152 2419 dequo
1179 2326 1316 2416 aqimus
1337 2348 1429 2396 anno
1448 2350 1471 2395 a
1492 2331 1600 2396 Parta
1628 2328 1736 2419 Virqi-

140 2459 195 2526 rtis
231 2455 303 2526 474
336 2480 358 2527 a
386 2458 554 2527 Simeonis
584 2481 661 2526 oero
698 2457 843 2548 Stplitao
873 2458 964 2526 obitu
998 2454 1019 2525 7
1049 2457 1156 2547 [uisse
1188 2456 1457 2546 conscriptum...
1476 2455 1628 2524 Alterum
1659 2479 1736 2526 uero

139 2589 304 2672 codicem,
330 2592 388 2660 nbi
405 2601 543 2683 praeter
563 2601 640 2659 acta
671 2593 862 2681 Martyrum
890 2590 928 2657 iu
956 2591 1070 2681 priori
1099 2588 1266 2679 descripta
1291 2589 1382 2658 aliae
1404 2588 1494 2657 citae
1520 2591 1730 2674 inseruntur,

138 2725 262 2814 quique
288 2724 394 2815 plura
424 2724 565 2814 insuper
593 2722 829 2792 additamenta
857 2722 1014 2804 continet,
1038 2721 1200 2812 qenuinis
1235 2731 1427 2812 martyrum
1456 2722 1548 2790 Actis
1572 2721 1615 2789 ab
1640 2744 1734 2791 ama·

135 2859 258 2926 citrensi
270 2860 373 2947 sacta,
400 2866 437 2925 ut
461 2856 587 2945 leqcnti
608 2857 784 2939 constabit,
804 2879 1010 2948 quamquam
1035 2877 1103 2924 nou
1126 2855 1208 2925 adeo
1228 2855 1428 2944 loaqaeoum
1443 2859 1483 2922 ac
1501 2865 1734 2946 pervetustum

136 3011 204 3057 esse
227 2990 329 3079 facilc
355 2989 602 3080 intelliqamus,
622 2990 778 3059 trecentis
808 3000 919 3058 tarnen
940 2989 1122 3059 admodum
1151 2988 1254 3058 annis
1278 2989 1392 3081 priori
1419 2985 1637 3080 posteriorem
1665 3011 1734 3058 esse

136 3123 345 3191 characteres
365 3122 432 3213 ipsi
446 3123 659 3214 (apertissime
677 3134 895 3192 commonent.

203 3253 308 3325 Alter
322 3252 450 3340 codex,
478 3252 582 3350 plura
602 3280 620 3322 1
644 3252 928 3325 additamenta»
951 3251 997 3325 ab
1012 3252 1226 3325 amanuensi
1246 3251 1342 3324 13613
1362 3251 1566 3337 continens,
1585 3264 1641 3324 est
1660 3255 1732 3325 Co·

132 3385 201 3456 dex
226 3386 399 3483 Syriacus
420 3386 515 3458 Bibl.
538 3385 738 3459 Vaticanae
769 3387 850 3470 161,
870 3385 932 3484 qui
958 3411 979 3457 a
1002 3386 1136 3484 priore,
1160 3384 1415 3483 antiquissimo
1433 3428 1483 3440 —
1504 3384 1638 3457 Codice
1660 3388 1731 3481 Sy-

130 3518 227 3590 riaco
263 3517 354 3589 Bibl.
389 3521 474 3591 Vat.
511 3519 652 3591 160-
678 3533 832 3592 eatenus
869 3518 1003 3605 11111611,
1033 3532 1213 3616 1111316333
1246 3531 1391 3617 praeter
1417 3519 1510 3591 Acta
1538 3516 1576 3589 13
1604 3517 1730 3591 6611166

129 3650 332 3748 antiquiore
361 3663 534 3723 contenta
558 3652 765 3725 orationem
789 3651 1051 3752 panegyricam
1073 3652 1111 3723 13
1134 3651 1262 3724 laudes
1292 3654 1493 3749 Martyrum
1519 3650 1666 3740 exhibet
1693 3664 1729 3724 61

132 3782 346 3879 martyrium
363 3786 400 3855 S.
417 3783 599 3856 Simeonis
612 3785 650 3856 in
667 3785 881 3858 recensione
895 3784 966 3857 alia
981 3784 1027 3858 ab
1042 3785 1117 3872 illa,
1132 3809 1242 3883 quam
1258 3784 1295 3855 in
1311 3783 1446 3856 Codice
1456 3786 1541 3856 Vat.
1560 3785 1641 3882 Syr.
1660 3785 1728 3856 160

129 3915 300 4014 legimus,
319 3915 441 3989 habet.
462 3917 638 4015 Martyria
652 3943 738 3990 vero
759 3917 899 4016 reliqua
918 3918 956 3990 13
970 3932 1125 4016 utroque
1145 3917 1271 3990 codice
1287 3918 1416 3990 eadem
1429 3917 1505 3990 1616
1524 3930 1622 3989 3331.
1645 3916 1729 3990 Col·

130 4048 238 4120 lectio
260 4062 380 4122 331631
401 4061 478 4122 1613
499 4050 535 4121 13
560 4051 685 4124 6611166
707 4064 863 4149 utroque
885 4064 1055 4124 contenta
1073 4063 1284 4149 —praeter
1304 4049 1506 4124 orationem
1525 4050 1726 4148 panegyri-

130 4207 208 4252 cam
232 4181 359 4278 utique
377 4194 414 4254 61
432 4183 646 4282 martyrium
668 4187 706 4256 S.
730 4184 982 4257 Simeonis-
1001 4184 1194 4256 manifeste
1214 4184 1322 4256 unius
1343 4183 1411 4254 viri
1436 4209 1529 4283 opus
1555 4196 1623 4256 est.
1648 4186 1724 4256 Hoc

128 4313 257 4410 probat
279 4313 518 4414 chronologia
542 4317 812 4415 martyriorum,
831 4342 924 4415 quae
947 4318 1048 4389 iuxta
1081 4342 1196 4389 annos
1227 4345 1244 4386 1
1272 4315 1576 4415 persecutionis»
1600 4341 1724 4388 nnme-

128 4459 266 4532 rantur,
291 4447 376 4545 styli
397 4448 611 4536 similitudo,
635 4450 795 4523 stercatio
815 4450 996 4523 1116161163
1019 4448 1298 4548 evagationibus
1313 4447 1484 4522 613161113
1508 4449 1723 4548 saepissime

126 4592 305 4675 1161161113,
322 4593 430 4678 atque
451 4582 619 4681 epilogus
636 4558 863 4656 collectionis
878 4597 962 4682 post
983 4584 1075 4655 Acta
1097 4583 1342 4678 ‘Akkehsmae
1362 4582 1518 4681 positus,
1531 4581 1592 4680 qui
1609 4594 1723 4654 totam

126 4712 379 4785 collectionem
401 4713 468 4785 sub
493 4715 633 4787 ratione
658 4715 810 4788 unitatis
836 4715 1043 4790 considerat
1062 4741 1214 4814 eamque
1236 4729 1276 4789 ut
1300 4742 1392 4814 opus
1420 4715 1527 4788 unius
1553 4715 1621 4786 viri
1640 4739 1722 4812 sup-

126 4846 242 4942 ponit.
262 4848 360 4919 Haec
385 4846 531 4943 quidem
555 4847 723 4920 hocloco
744 4849 895 4922 13311616
916 4849 1061 4937 suffieit,
1080 4850 1227 4948 singula
1247 4849 1399 4922 inferius
1424 4861 1667 4947 exponentur;
1691 4848 1722 4920 si

126 4991 247 5050 autem
266 5003 324 5050 res
346 4979 396 5051 113
416 5004 454 5051 36
478 4980 624 5068 haheat,
643 4980 739 5055 ultro
763 4983 879 5055 oritur
898 4983 1079 5081 quaestio,
1095 4983 1177 5081 quis
1199 4983 1308 5055 luerit
1332 4995 1460 5055 auctor
1479 4981 1719 5066 collectionis,

127 5135 306 5206 quaenam
323 5111 359 5182 in
379 5137 422 5184 ea
436 5114 611 5211 martyria
631 5128 804 5189 contenta
823 5116 980 5188 luerint?
996 5116 1163 5189 Secunda
1187 5115 1366 5213 imprimis
1387 5116 1554 5213 quaestio
1569 5140 1635 5211 pro
1655 5139 1723 5186 36-

128 5255 203 5314 3113
218 5268 257 5315 16
272 5244 418 5315 maximi
432 5248 607 5320 momenti
625 5261 698 5333 631;
717 5248 762 5320 ab
779 5249 845 5320 hac
862 5249 958 5321 enim
974 5249 1089 5322 311613
1101 5249 1249 5347 pendet,
1268 5248 1450 5346 quodnam
1466 5248 1723 5346 Martyriorum

128 5375 283 5447 duorum
298 5380 336 5449 S.
355 5379 536 5452 Simeonis
549 5406 633 5477 pars
649 5381 841 5480 integralis
857 5381 1084 5455 collectionis
1099 5381 1220 5469 luerit,
1234 5382 1330 5455 unde
1347 5382 1456 5454 etiam
1472 5395 1630 5480 tempus,
1652 5406 1722 5479 quo

129 5509 344 5607 martyrium
363 5510 433 5584 hoc
453 5512 699 5610 conscriptum
724 5528 793 5604 631,
814 5517 891 5589 erui
909 5517 1055 5615 poterit,
1075 5542 1119 5591 ex
1138 5515 1283 5591 indiciis
1304 5514 1474 5588 nimirum
1493 5514 1724 5613 chronologi·

127 5641 179 5714 cis
196 5643 233 5715 in
249 5642 330 5716 aliis
353 5643 579 5719 collectionis
598 5648 765 5745 partibus
782 5650 975 5724 contentis.
