3878 6316
130 403 189 461 664
675 393 919 459 PRAEFATlO
941 431 980 441 -
1002 393 1143 459 CAPUT
1167 396 1191 457 l.

131 586 273 659 aversio
297 585 359 656 illa
380 584 537 658 maxima
556 597 758 682 reputatur,
781 608 853 681 qua
878 583 1002 655 ludaei
1022 583 1250 656 Christianos
1275 582 1368 656 etin
1387 583 1506 656 vicem
1530 583 1728 657 Christiani

134 719 287 792 ludaeos
302 717 630 817 prosequebantur,
645 716 706 788 vix
720 715 908 814 probabile
923 729 979 788 est
995 715 1174 789 elementa
1192 716 1263 788 ista
1283 715 1428 788 iudaiea
1447 742 1492 789 ex
1506 741 1608 788 mera
1626 717 1727 790 simul

131 851 276 924 vivendi
301 849 565 923 consuetudine
585 849 766 946 originem
783 848 940 921 traxisse
954 852 982 931 '3
1001 849 1116 921 multo
1140 848 1368 947 probabilius
1388 862 1445 922 est
1467 874 1510 921 ea
1530 875 1550 920 a
1573 851 1726 922 ludaeo-

132 983 342 1058 christianis
362 995 482 1056 ortum
507 982 673 1068 duxisse,
691 1006 846 1079 quorum
871 981 1065 1054 existentia
1085 982 1122 1052 in
1146 982 1410 1079 Mesopotamia
1429 982 1602 1055 orientali
1624 983 1724 1056 lacile

132 1116 346 1216 explicatur.
368 1117 440 1188 Vix
465 1115 561 1189 euim
586 1113 773 1212 probabile
802 1126 871 1199 est,
889 1114 1025 1212 primos
1055 1114 1241 1187 doctrinae
1271 1115 1406 1188 Christi
1432 1140 1638 1213 praecones
1666 1117 1719 1187 iu-

132 1252 257 1324 daicae
275 1248 431 1348 originis
450 1249 581 1321 fratres
605 1248 642 1320 in
662 1244 813 1344 διαπορᾲ
827 1247 969 1345 persica
987 1248 1152 1320 viventes
1175 1248 1396 1346 neglexisse,
1420 1273 1575 1346 quorum
1600 1275 1727 1322 nume·

132 1409 195 1456 rus
218 1383 433 1455 ludaeorum
451 1381 489 1453 in
508 1377 658 1478 διασπορᾷ
676 1406 825 1452 romana
846 1380 1059 1479 degentium
1085 1405 1274 1452 numerum
1298 1381 1408 1479 longe
1433 1381 1635 1480 superavit.
1662 1383 1730 1481 lgi-

132 1530 192 1588 tur
215 1515 292 1588 steri
317 1528 450 1613 potest,
474 1527 515 1587 ut
539 1514 610 1586 iam
637 1513 892 1612 antiquissimo
917 1527 1081 1612 tempore
1102 1514 1140 1584 in
1162 1515 1426 1611 Mesopotamia
1447 1515 1670 1588 occidentali
1695 1530 1728 1588 et

133 1649 361 1721 meridionali
381 1672 474 1745 quae
504 1646 648 1719 ludaeis
670 1645 778 1745 plena
802 1662 880 1719 erat
908 1645 976 1719 suh
1001 1645 1138 1718 inlluxu
1159 1646 1602 1720 Iudaeo-christianorum
1627 1649 1732 1721 Pale-

134 1781 251 1854 stinae
271 1780 550 1853 communitates
567 1779 939 1852 iudaeo-christianae
959 1792 1060 1851 ortae
1077 1780 1162 1864 sint,
1185 1780 1354 1878 aquibus
1374 1781 1731 1854 ethnico-christiani

134 1915 216 2013 Syri
236 1926 313 1985 tum
333 1912 447 2016 libros
467 1938 591 1985 sacros
609 1913 755 1986 Veteris
771 1913 996 1985 Testamenti
1012 1925 1088 1984 tum
1104 1913 1283 1993 elementa
1301 1913 1517 1986 doctrinalia
1537 1915 1730 2014 ingenium

133 2047 315 2119 iudaicum
336 2045 537 2118 redolentia
557 2045 773 2142 receperint.
797 2048 874 2117 Hoc
898 2058 1059 2117 ceterum
1079 2047 1172 2117 Acta
1194 2016 1229 2117 S.
1251 2046 1383 2117 Maris²
1405 2071 1549 2145 quoque
1570 2047 1730 2120 innuunt.

134 2179 335 2252 asserentia
359 2180 396 2250 in
417 2177 603 2251 Persidem
624 2179 695 2250 iam
715 2191 798 2250 ante
824 2181 862 2250 S.
890 2178 1018 2250 Marim
1040 2178 1279 2276 Evangelium
1300 2204 1320 2250 a
1342 2180 1608 2252 mercatoribus
1628 2182 1734 2253 occi-

135 2311 341 2385 dentalibus
368 2311 518 2383 allatum
542 2311 669 2383 luisse.
694 2315 795 2406 Quae
817 2311 972 2383 assertio
1002 2336 1044 2383 eo
1073 2311 1221 2383 maioris
1247 2324 1303 2383 est
1327 2312 1518 2398 momenti,
1541 2314 1641 2411 quod
1671 2339 1735 2385 ex·

134 2471 260 2543 presse
290 2445 462 2518 statuitur
492 2449 530 2519 S.
558 2439 701 2517 Marim'
718 2444 857 2517 nullum
882 2445 1129 2518 Christianum
1154 2445 1341 2518 Seleuciae
1370 2445 1555 2519 invenisse
1588 2461 1625 2519 et
1656 2447 1734 2545 plu-

136 2579 247 2651 rimae
271 2578 504 2651 difficultates
526 2578 661 2677 quibus
686 2581 842 2650 Sanctus
866 2579 928 2651 ille
950 2578 988 2650 in
1009 2578 1209 2676 Evangelio
1234 2578 1478 2675 praedicando
1497 2579 1731 2652 conflictatus

136 2725 191 2784 est
206 2711 345 2810 prolixe
369 2723 593 2784 enarrantur.
621 2713 695 2783 lam
714 2736 800 2785 vero
820 2737 863 2783 eo
884 2711 1002 2783 adhuc
1025 2724 1188 2808 tempore
1210 2710 1397 2784 Seleuciae
1419 2712 1525 2785 multi
1545 2712 1731 2793 vivebant,

136 2845 196 2943 qui
226 2869 357 2942 graece
385 2843 582 2929 callebant,
605 2857 683 2916 tota
713 2845 809 2916 enim
838 2843 925 2916 urbs
955 2869 1109 2943 graecae
1140 2844 1294 2943 originis
1324 2857 1419 2926 erat,
1447 2858 1483 2917 et
1512 2844 1591 2918 sine
1623 2845 1735 2918 dubio

136 2978 241 3049 multi
268 3003 347 3049 eam
374 2990 594 3050 mercatores
613 2976 858 3050 occidentales
879 2976 1046 3084 adibant,
1073 2989 1135 3048 aut
1156 2976 1285 3048 saltem
1309 2978 1496 3065 nonnulli,
1519 3004 1629 3075 quam
1650 3005 1738 3077 pro·

136 3110 293 3181 vinciam
314 3109 507 3197 Huzitidis,
530 3110 568 3182 in
593 3135 665 3208 qua
692 3113 729 3182 S.
759 3109 869 3181 Maris
889 3134 1023 3208 magno
1046 3136 1128 3182 oum
1152 3110 1288 3207 gaudio
1308 3123 1531 3182 mercatores
1553 3111 1735 3184 Christia-

139 3269 205 3313 nos
228 3243 408 3339 reperisse
430 3242 575 3315 dicitur.
600 3245 697 3315 Haec
724 3242 837 3342 igitur
863 3242 1044 3315 enarratio
1070 3245 1244 3315 Actorum
1269 3246 1304 3315 S.
1331 3243 1442 3315 Maris
1474 3244 1586 3316 tacite
1613 3244 1733 3317 innuit

139 3375 413 3448 conversionem
434 3374 622 3448 Seleuciae
651 3375 750 3473 pium
775 3389 1018 3448 commentum
1038 3400 1133 3460 csse,
1156 3401 1227 3474 quo
1250 3375 1357 3475 origo
1384 3376 1635 3449 Catholicatus
1663 3381 1737 3450 Ne·

139 3509 383 3581 storianorum
398 3509 444 3581 ad
459 3508 660 3606 apostolica
678 3522 843 3606 tempora
862 3508 1154 3606 protenderetur.

212 3759 247 3828 3.
267 3756 366 3829 ldem
385 3755 482 3829 valet
501 3758 546 3830 dc
566 3756 661 3830 serie
676 3755 948 3830 Catholicorum
963 3782 1055 3856 quae
1070 3757 1107 3828 in
1123 3755 1208 3829 hina
1223 3770 1341 3829 exstat
1361 3757 1574 3830 recensione
1593 3787 1600 3828 :
1619 3758 1739 3832 altera

139 3890 176 3961 in
195 3893 295 3962 Libro
317 3893 458 3962 Torr·is³
474 3888 588 3962 altera
609 3877 646 3961 in
665 3903 766 3988 parte
788 3892 819 3961 ll
840 3890 1003 3962 chronici
1025 3889 1264 3962 ecclesiastici
1284 3890 1504 3963 Barhebraei
1519 3894 1543 3963 ⁴.
1565 3893 1732 3990 Utraque

139 4022 178 4094 in
201 4022 409 4096 nominibus
434 4021 704 4096 Catholicorum
729 4023 938 4107 concordat,
962 4048 1077 4095 annos
1100 4035 1236 4106 tamen,
1259 4022 1391 4120 quihus
1415 4023 1585 4096 catholici
1609 4025 1743 4097 eccle-

140 4157 214 4229 sias
247 4156 316 4228 sihi
342 4156 599 4228 subordinatas
632 4157 803 4239 rexerint,
833 4155 998 4228 diversos
1024 4156 1156 4253 partim
1185 4168 1362 4228 statuunt.
1391 4156 1588 4229 Brevitatis
1623 4182 1739 4230 causa

202 4385 211 4422 ⁴
230 4385 295 4448 Cir.
320 4384 471 4447 Salomon
487 4384 588 4458 Funlr,
610 4385 673 4448 Die
687 4374 939 4468 Haggadisclren
959 4385 1125 4447 Elemente
1144 4388 1177 4446 in
1197 4385 1259 4446 den
1274 4385 1443 4447 Homilr'en
1459 4385 1516 4447 des
1531 4381 1739 4467 ΑρΙινααιεε,

141 4490 249 4566 wien,
267 4497 354 4566 1891,
369 4513 401 4575 p.
422 4497 468 4552 10.

201 4598 213 4635 ²
231 4597 267 4658 P.
284 4597 417 4680 Bedjan‚
434 4598 519 4659 Acta
534 4611 718 4678 neartyrum
739 4609 769 4658 ct
789 4611 989 4674 sanctornm,
1008 4607 1030 4660 t.
1046 4596 1069 4672 l,
1086 4597 1224 4680 Lipsiae,
1244 4602 1330 4672 1890,
1350 4618 1384 4680 p.
1403 4602 1442 4658 86
1455 4618 1505 4681 sq.
1522 4597 1671 4661 Notabile
1687 4609 1741 4661 cst

142 4725 252 4789 regem
269 4703 524 4788 Gundaphorum
542 4704 574 4765 in
588 4704 677 4766 Actis
695 4703 837 4767 Thomae
852 4715 1070 4791 occurrentem
1087 4725 1196 4790 regem
1212 4704 1337 4779 Areiae,
1355 4704 1576 4788 Drangianae,
1592 4704 1741 4767 Aracho-

142 4813 272 4894 siaeque
290 4812 404 4885 luisse3
420 4811 554 4873 forsitan
572 4810 684 4872 relatio
705 4811 757 4871 illa
777 4811 931 4873 Actorum
953 4810 986 4873 S.
1004 4810 1103 4872 Maris
1123 4831 1236 4873 novam
1258 4811 1444 4894 suppeditat
1462 4810 1740 4874 confirmationem

143 4918 308 5001 religionis
322 4918 523 4980 Christianae
538 4917 570 4978 in
591 4938 692 5002 regno
711 4917 903 4980 Parthorum
919 4918 982 4979 iam
1001 4917 1225 5001 antiquissimo
1241 4926 1386 5000 tempore
1408 4916 1601 5001 divulgatae,
1618 4917 1664 4980 uti
1679 4918 1741 4981 hoc

143 5044 183 5086 ex
195 5023 454 5106 inquisitionibus
471 5024 710 5106 Cunningham,
729 5024 930 5098 Gutschmid‚
949 5023 1038 5087 Salet
1055 5025 1136 5086 Acta
1150 5024 1292 5086 Thomae
1306 5023 1576 5085 concernentibus
1592 5023 1739 5086 concludi

144 5129 259 5192 debere
272 5130 407 5192 videtur.
424 5129 505 5193 Vide
516 5130 655 5212 LipsiuS,
673 5152 725 5213 op.
743 5133 809 5205 cit„
826 5151 903 5214 pag.
921 5135 979 5193 278
994 5151 1065 5214 sqq.

205 5236 272 5297 ³ll.
295 5236 475 5311 Gismoudi‚
498 5235 614 5315 Maris,
637 5237 735 5298 Amrr‘
753 5250 784 5298 et
802 5237 912 5298 Slr'bae
930 5240 1159 5299 commentarii
1171 5237 1211 5298 de
1225 5236 1431 5319 patriarchis
1449 5235 1740 5316 Nestorianorum,

145 5343 276 5405 Romae.
295 5341 374 5404 Pars
391 5342 428 5416 tl,
448 5348 633 5405 teos-1897.
650 5342 688 5404 ΙΙ.
705 5342 784 5405 Pars
803 5343 814 5404 l
833 5349 920 5406 1899.

203 5449 259 5509 ll.
279 5449 316 5511 B.
338 5448 499 5510 Ahbeloos
519 5459 550 5510 et
563 5449 624 5539 Th.
645 5449 755 5530 Lamy,
774 5449 983 5512 Barhebraei
997 5450 1170 5511 chronicon
1191 5451 1459 5525 ecclesiasticum,
1483 5448 1625 5524 Lovanii,
1649 5451 1740 5514 1877.

146 5556 268 5618 Scriem
293 5554 531 5618 Catholicorum
558 5556 701 5638 priorum
723 5556 847 5638 pridem
871 5556 1044 5639 publicavit
1068 5555 1246 5631 Overheok,
1277 5556 1461 5638 Ephraemi
1477 5555 1566 5638 Syri,
1587 5555 1743 5621 Rabulae

144 5665 291 5746 episcopi
302 5661 471 5738 Edessena}
488 5662 827 5745 llaloer‘olc'orumque
840 5684 941 5745 opera
956 5663 1087 5738 selectu,
1104 5663 1231 5738 Oxonii,
1252 5668 1340 5738 1865.
1355 5683 1387 5746 p.
1405 5667 1548 5726 tto-423.
