3884 6316
798 373 1054 438 PRAEFATIO.
1649 382 1726 443 1366

126 543 345 633 κατειληφέναι
369 543 525 634 λέγωσιν,
546 541 619 608 ἀλλ’
640 541 694 608 οὐκ
718 541 786 634 ἔμοι
813 565 849 635 γε
873 539 960 633 ρίλον
985 544 1106 621 τοίτοις
1130 548 1286 635 προσέχειν
1309 549 1363 610 τὸν
1386 551 1450 610 νοῦν
1463 542 1487 607 ¹.
1510 544 1623 634 Neque
1647 567 1726 612 cero

126 665 226 735 bodie
249 687 376 756 qaoque
397 664 525 745 alescat,
550 664 611 756 qai
633 675 788 755 capartos
813 687 848 733 sc
871 665 987 733 <licant
1008 665 1080 734 eice
1105 666 1238 734 reamini
1261 666 1414 736 invocato
1442 668 1595 758 magicas
1619 668 1727 737 iacere

130 791 270 859 virtutes
294 789 338 858 od
365 789 600 881 serperstitiosa
626 788 791 880 preculam
812 789 1019 880 parapanda,
1046 790 1166 881 peribas
1187 790 1338 881 equidem
1363 814 1430 881 aaa
1452 790 1556 880 serila
1578 792 1728 861 adducor·

130 925 167 984 at
188 914 333 983 erulam.

205 1040 283 1118 Γόης
297 1040 431 1138 ἀτεχνζυς
445 1039 514 1107 ἀντὶ
531 1043 693 1132 ριλοσόρου
711 1036 961 1132 aspectante.
984 1041 1092 1107 Immo
1110 1061 1231 1130 magas
1252 1041 1430 1128 marrifeete
1444 1063 1509 1132 pec
1526 1041 1728 1133 philosopha

128 1163 401 1254 deprehendetur.

205 1283 440 1382 Apollonium
464 1308 555 1383 ergo
586 1309 735 1384 magum
761 1283 875 1358 luisse
902 1296 1085 1359 testantur
1116 1309 1243 1358 omnes
1269 1285 1331 1358 isti
1358 1285 1499 1384 antiqui
1526 1299 1725 1360 auctores:

130 1410 389 1508 Moeragenes,
406 1408 602 1506 Origenes,
627 1408 823 1494 Lucienus,
841 1408 1084 1482 Philostrates
1103 1408 1296 1501 (indirecte
1315 1408 1459 1503 saltem)
1474 1423 1511 1483 et
1530 1410 1722 1484 Eusebius.

129 1535 206 1606 Cur
220 1545 342 1606 autem
357 1533 408 1605 ita
422 1544 573 1606 vocetur
593 1531 763 1631 explicite
777 1557 859 1606 non
880 1533 1042 1619 tradunt,
1057 1545 1094 1606 et
1113 1532 1369 1619 Philostrates,
1387 1533 1493 1607 cuius
1513 1533 1667 1607 historia
1686 1534 1724 1606 in

129 1655 300 1729 manibus
321 1655 458 1729 nostris
480 1670 624 1730 servata
650 1669 719 1740 est,
741 1681 834 1755 opus
857 1682 964 1730 suum
988 1657 1194 1756 composuit
1221 1671 1263 1730 ut
1288 1657 1462 1756 probaret
1491 1657 1726 1757 Apollonium

129 1805 281 1880 magum
304 1804 378 1854 non
396 1779 523 1863 luisse,
547 1805 590 1853 ac
609 1781 762 1880 proinde
783 1780 962 1880 quidquid
981 1780 1164 1880 magicam
1193 1795 1309 1855 artem
1338 1781 1527 1856 redolebat
1554 1808 1599 1857 ex
1619 1807 1728 1880 opere

129 1929 200 1977 suo
221 1905 435 1991 eliminavit,
453 1929 496 1977 ac
516 1905 674 1979 servavit
693 1931 810 2005 pauca
828 1918 971 1979 tantum
990 1904 1161 2007 prodigia
1174 1906 1357 2005 prodigiis
1371 1905 1609 2006 Evangelicis
1633 1932 1730 1980 com·

128 2029 308 2129 paranda.
326 2029 376 2102 At
396 2029 506 2128 paulo
528 2041 626 2128 post,
646 2033 801 2103 loannes
822 2030 987 2117 Malalas,
1010 2030 1104 2103 sexti
1130 2030 1267 2104 saeculi
1290 2043 1431 2117 auctor,
1450 2031 1558 2104 nobis
1579 2030 1731 2104 tradidit

129 2152 312 2252 quaedam
335 2153 521 2252 Apollonii
548 2156 796 2249 Apoteleemata
826 2154 1068 2254 congruentia
1099 2155 1249 2228 omnino
1280 2153 1448 2227 cumbis
1476 2179 1570 2252 quae
1598 2154 1730 2227 edituri

130 2303 272 2353 sumus.
291 2278 512 2351 Anastasius
533 2278 675 2351 Sina'r'ta
690 2279 813 2363 etiam,
832 2278 1039 2378 patriarcba
1061 2279 1352 2365 Antiochenus³,
1371 2302 1439 2352 nos
1458 2278 1566 2352 docet
1582 2278 1731 2377 Apolla-

130 2405 233 2477 nium
259 2402 462 2478 confecisse
480 2405 727 2497 apotelesmata
748 2428 842 2501 quae
867 2428 911 2477 eo
939 2428 1012 2502 quo
1030 2402 1177 2476 vivebat
1195 2416 1359 2502 tempore
1386 2403 1506 2476 adhuc
1526 2402 1732 2502 operaban-

133 2531 232 2600 curt.
255 2526 521 2602 Testimonium
540 2527 727 2601 Anastasii
747 2527 1022 2626 exscripserunt
1043 2528 1226 2626 Georgius
1251 2527 1453 2600 monachus
1468 2539 1504 2600 et
1525 2526 1727 2600 Cedrenus.

136 2651 339 2751 Praecipua
358 2651 505 2726 loannis
531 2651 685 2725 Malalae
703 2652 837 2726 verba⁵
853 2652 900 2725 ad
924 2650 1164 2724 illustrandos
1182 2663 1306 2724 textus
1326 2676 1419 2750 quos
1444 2650 1577 2725 edituri
1604 2675 1730 2723 sumus

136 2775 401 2875 subiungimus
425 2803 432 2848 :

210 2902 274 2971 Ἦν
299 2896 331 2972 δὲ
352 2909 419 2981 τοῖς
443 2902 562 2996 χρόνοις
587 2914 646 2982 τῆς
672 2909 831 2990 βασιλείας
857 2917 912 2972 τοῦ
938 2909 1033 2972 αὐτοῦ
1061 2906 1250 2997 Δομετιανοῦ
1277 2909 1492 2998 ὀσορώτατος
1523 2904 1734 2981 Ἀπολλώνιος

135 3030 309 3107 ὀΤυανεώς·
332 3033 384 3095 καί
399 3022 515 3121 ἤκμαζε
529 3030 735 3121 περιπολιώων
749 3028 804 3097 καὶ
822 3039 981 3121 πανταχοῦ
998 3039 1094 3096 ποιῶν
1113 3031 1292 3123 πολίσματα
1305 3041 1346 3108 είς
1359 3037 1415 3107 τὰς
1433 3032 1536 3106 πόλεις
1554 3026 1606 3096 καὶ
1617 3027 1659 3106 είς
1678 3025 1735 3104 τὰς

136 3160 284 3246 χώρας...
306 3151 359 3220 καὶ
377 3153 480 3220 λοιπὸν
501 3155 565 3221 ἀπὸ
584 3163 639 3220 τοῦ
655 3148 820 3232 Βυζαντίου
838 3148 962 3230 ἐξελθών
982 3152 1071 3221 ἐποίει
1092 3165 1132 3232 είς
1149 3157 1214 3243 τοὶςΙ
1227 3159 1328 3233 σίλλοις
1346 3156 1453 3231 πόλεις
1468 3159 1484 3220 ὁ
1503 3152 1593 3230 αὐτὸς
1617 3152 1737 3218 Ἀπολ-

136 3283 248 3355 λώνιος
270 3283 458 3370 πολίσματα.
479 3277 547 3344 Καὶ
566 3275 656 3351 ἦλθεν
681 3276 730 3344 ἐπὶ
750 3277 808 3353 τὴν
825 3276 938 3371 Συρίαν
962 3280 1026 3346 ἀπὸ
1048 3276 1176 3345 Τυσὶνων
1198 3276 1253 3345 καὶ
1278 3278 1413 3352 εἰσῆλθεν
1431 3279 1461 3343 ἐν
1491 3276 1673 3369 Ἀντιοχείᾳ
1693 3285 1734 3360 τῇ

139 3407 274 3495 μεγάλῃ·
307 3401 361 3470 καὶ
387 3407 507 3493 ᾔτησαν
535 3403 625 3469 αὐτὸν
657 3408 683 3469 οἱ
725 3402 894 3493 Ἀντιοχεῖς
925 3405 1068 3496 κπίιτορες
1098 3413 1227 3478 ποιῆσαι
1260 3402 1352 3469 κείκεῒ
1383 3406 1562 3494 τελέσματα
1597 3406 1664 3492 περὶ
1694 3400 1736 3465 ὧν

139 3518 271 3595 ἐδέοντο.
298 3525 367 3594 Καὶ
390 3525 532 3600 ἐποίησεν
556 3526 598 3606 εἰς
625 3526 677 3593 τὸν
704 3529 812 3619 βορρᾶν
836 3521 960 3619 ἄνεμον,
985 3529 1083 3606 (τίσιες
1106 3529 1143 3594 τὸ
1165 3529 1241 3592 αὐτὸ
1263 3532 1402 3618 τελεσμα
1429 3522 1516 3593 κατὰ
1538 3528 1594 3600 τὴν
1624 3528 1735 3591 ἀνατο-

139 3653 231 3725 λικὴν
260 3651 385 3744 πόρταν.
416 3651 555 3745 Ὁμοίως
577 3644 612 3719 δὲ
636 3650 757 3727 ἐποίησε
781 3656 917 3744 τελεσμοι
946 3654 975 3719 ὲν
1003 3655 1082 3736 αὐτῇ
1109 3660 1149 3743 τῇ
1178 3655 1265 3718 πολει
1293 3657 1345 3718 καί
1371 3643 1425 3717 διὰ
1459 3651 1530 3728 τοὺς
1559 3656 1734 3742 σκορπίους,

140 3776 212 3867 πρὸς
233 3775 270 3842 τὸ
293 3777 336 3867 μή
362 3779 479 3868 τολμᾶν
503 3777 612 3852 αὐτοὺς
633 3769 811 3855 πλησιάζειν
832 3785 873 3862 τῇ
892 3777 990 3870 χώρᾳ·
1012 3774 1067 3842 καὶ
1084 3775 1172 3848 ἔθηκε
1191 3777 1228 3842 τὸ
1251 3775 1326 3842 αὐτὸ
1347 3776 1486 3867 τίλισμα
1515 3776 1545 3839 ἐν
1573 3779 1657 3867 μέσῳ
1680 3782 1736 3850 τῆς

140 3903 277 3986 πολιως,
306 3905 438 3977 ποιήσας
467 3906 600 3994 χαλκοῦν
632 3907 774 3993 σκορπίον
806 3898 860 3968 καὶ
890 3902 993 3994 χώσας
1016 3901 1117 3984 αὐτὸν,
1144 3893 1244 3978 πήξας
1270 3903 1371 3967 ίπιίνω
1399 3896 1487 3966 κίονα
1520 3901 1638 3992 μικρόν.
1670 3897 1737 3963 Kal

141 4026 281 4116 ἐγίνοντο
312 4024 434 4118 ἀφανεῖς
457 4025 487 4090 οί
515 4032 649 4118 σκορπίοι
682 4029 716 4092 ἐκ
742 4035 799 4104 τῆς
829 4025 941 4118 ίνυρίοις
972 4023 1161 4115 Ἀντιοχείας
1188 4031 1302 4102 πάσης.
1335 4020 1482 4097 Ἐποίησε
1506 4015 1539 4090 δὲ
1569 4020 1622 4088 καὶ
1650 4015 1734 4086 ἄλλα

142 4145 247 4216 πολλὰ
269 4147 340 4216 ἐκεῖ.
361 4147 502 4236 ’ῌτησαν
525 4142 559 4217 dl
584 4151 674 4217 αὐτὸν
698 4149 726 4217 οἱ
751 4157 883 4217 πολῖται
906 4151 956 4215 ἵνα
976 4151 1088 4242 ποιήσῃ
1113 4151 1248 4241 τίλισμκ
1270 4147 1343 4241 πρὸς
1366 4147 1435 4225 τοὺς
1458 4148 1608 4223 κώνωπας
1631 4143 1673 4223 εἰς
1698 4151 1736 4210 τὸ

143 4277 185 4366 μή
210 4279 290 4367 ἔχειν
313 4275 460 4353 κώνωπας
484 4275 542 4349 τὴν
567 4276 661 4348 abe-lv
689 4274 777 4341 πολιν
806 4273 1072 4368 Ἀντιόχειαν.....
1096 4273 1167 4340 Καὶ
1193 4274 1294 4340 οώκίτι
1316 4272 1411 4364 ίριίνη
1440 4274 1469 4338 ἐν
1499 4270 1673 4364 Ἀντιοχείας
1697 4279 1737 4352 τῇ

145 4405 264 4490 μαγάλη
285 4395 408 4487 κώνωψ.

142 4500 150 4510 ’
216 4519 404 4588 Domitiani
431 4521 491 4589 aab
519 4521 661 4611 imperia
687 4520 805 4611 floruit
829 4521 1102 4612 sapientissimas
1130 4520 1190 4589 ille
1216 4518 1415 4613 Apollonias
1449 4519 1656 4611 Τμαιισιιείις
1679 4515 1739 4607 qai

137 4643 339 4736 peragratis
358 4645 512 4713 omnibus
525 4647 597 4733 sere
611 4645 804 4735 regionibus
822 4654 922 4737 atquae
936 4645 1073 4713 ιιιώιίνιιι
1092 4644 1279 4714 Telesmcta
1294 4644 1414 4735 abique
1427 4643 1550 4732 fecit...
1570 4639 1737 4733 Byzantia

142 4766 265 4836 ‹leiade
275 4767 456 4851 discuteres,
474 4768 557 4838 aliis
570 4769 673 4837 etiam
688 4770 724 4838 ιἰι
739 4768 876 4838 urticas
895 4767 1083 4838 Talesmcta
1097 4768 1248 4858 confecit.
1266 4770 1295 4837 ll
1316 4771 1436 4860 Tyana
1455 4789 1530 4835 ecro
1544 4767 1582 4834 ia
1597 4763 1736 4855 Syriam

136 4879 561 4985 pr·csectus,1latioebiam
586 4915 747 4984 magicam
765 4893 932 4985 pervenit,
958 4893 1016 4962 abi
1038 4917 1060 4961 α
1081 4893 1289 4985 primoribus
1320 4893 1413 4961 urbis
1441 4900 1578 4981 capatus
1601 4900 1660 4970 eat,
1690 4888 1744 4957 ati

212 5162 239 5216 vl.
252 5154 294 5218 P.
312 5153 352 5219 G.
368 5164 392 5217 t.
410 5153 515 5231 XXll‚
531 5153 593 5219 col.
608 5160 678 5218 860.

209 5269 238 5326 2.
254 5260 336 5327 Ibid.
353 5260 415 5325 col.
431 5264 502 5324 804.

209 5375 239 5431 3.
255 5368 354 5431 Sexto
369 5367 510 5431 saeculo.
527 5366 719 5430 Anastasius
735 5366 747 5428 l
763 5374 908 5430 mortuus
921 5374 972 5429 cst
986 5387 1069 5429 anno
1084 5374 1153 5430 599.

210 5477 240 5536 4.
256 5474 296 5540 P.
314 5473 353 5540 G.
370 5482 393 5538 t.
410 5472 584 5547 LXXXIX,
601 5472 662 5537 col.
679 5478 748 5536 525.

210 5585 241 5642 5.
257 5579 327 5646 Lib.
343 5579 383 5642 X.
397 5579 521 5665 Migne‚
534 5579 572 5641 P.
595 5577 633 5642 G.
651 5587 675 5642 t.
689 5577 816 5655 xcvll,
834 5579 895 5642 col.
913 5583 1054 5644 tac-404.
