<?xml version="1.0" encoding="UTF-8"?>
<!DOCTYPE html PUBLIC "-//W3C//DTD XHTML 1.0 Transitional//EN"
    "http://www.w3.org/TR/xhtml1/DTD/xhtml1-transitional.dtd">
<html xmlns="http://www.w3.org/1999/xhtml" xml:lang="en" lang="en">
 <head>
  <title>
</title>
<meta http-equiv="Content-Type" content="text/html;charset=utf-8" />
  <meta name='ocr-system' content='tesseract 3.04.00' />
  <meta name='ocr-capabilities' content='ocr_page ocr_carea ocr_par ocr_line ocrx_word'/>
</head>
<body>
  <div class='ocr_page' id='page_1' title='image "./patrologiasyria00grafgoog_0352.png"; bbox 0 0 3884 6316; ppageno 0'>
   <div class='ocr_carea' id='block_1_1' title="bbox 272 403 1676 480">
    <p class='ocr_par' dir='ltr' id='par_1_1' title="bbox 272 403 1676 480">
     <span class='ocr_line' id='line_1_1' title="bbox 272 403 1676 480; baseline 0.006 -9"><span class='ocrx_word' id='word_1_1' title='bbox 272 408 328 471; x_wconf 89' lang='lat' dir='ltr'><strong><em>DE</em></strong></span> <span class='ocrx_word' id='word_1_2' title='bbox 351 405 625 471; x_wconf 80' lang='lat' dir='ltr'><strong><em>ARGUMENTO</em></strong></span> <span class='ocrx_word' id='word_1_3' title='bbox 647 406 701 470; x_wconf 84' lang='lat' dir='ltr'><strong><em>ET</em></strong></span> <span class='ocrx_word' id='word_1_4' title='bbox 723 403 876 471; x_wconf 86' lang='lat' dir='ltr'><strong><em>MUTUA</em></strong></span> <span class='ocrx_word' id='word_1_5' title='bbox 898 405 1143 470; x_wconf 84' lang='lat' dir='ltr'><strong><em>RELATIONE</em></strong></span> <span class='ocrx_word' id='word_1_6' title='bbox 1165 406 1486 474; x_wconf 84' lang='lat' dir='ltr'><strong><em>RECENSIONUM.</em></strong></span> <span class='ocrx_word' id='word_1_7' title='bbox 1618 422 1676 480; x_wconf 87' lang='lat'><strong><em>687</em></strong></span> 
     </span>
    </p>
   </div>
   <div class='ocr_carea' id='block_1_2' title="bbox 77 596 1678 960">
    <p class='ocr_par' dir='ltr' id='par_1_2' title="bbox 77 596 1678 960">
     <span class='ocr_line' id='line_1_2' title="bbox 77 596 1676 694; baseline 0.003 -23"><span class='ocrx_word' id='word_1_8' title='bbox 77 603 184 694; x_wconf 87' lang='lat' dir='ltr'><strong><em>quine</em></strong></span> <span class='ocrx_word' id='word_1_9' title='bbox 205 603 354 693; x_wconf 89' lang='lat' dir='ltr'><strong><em>ipsorum</em></strong></span> <span class='ocrx_word' id='word_1_10' title='bbox 380 609 411 667; x_wconf 90' lang='lat' dir='ltr'><strong><em>et</em></strong></span> <span class='ocrx_word' id='word_1_11' title='bbox 437 596 581 690; x_wconf 78' lang='lat' dir='ltr'><strong><em>pladius</em></strong></span> <span class='ocrx_word' id='word_1_12' title='bbox 608 610 686 668; x_wconf 87' lang='lat' dir='ltr'><strong><em>tuus</em></strong></span> <span class='ocrx_word' id='word_1_13' title='bbox 717 597 867 667; x_wconf 89' lang='lat' dir='ltr'><strong><em>comedat</em></strong></span> <span class='ocrx_word' id='word_1_14' title='bbox 889 619 1007 667; x_wconf 88' lang='lat' dir='ltr'><strong><em>carnes</em></strong></span> <span class='ocrx_word' id='word_1_15' title='bbox 1031 597 1196 666; x_wconf 77' lang='lat' dir='ltr'><strong><em>cervicum</em></strong></span> <span class='ocrx_word' id='word_1_16' title='bbox 1219 622 1337 668; x_wconf 87' lang='lat' dir='ltr'><strong><em>earum</em></strong></span> <span class='ocrx_word' id='word_1_17' title='bbox 1360 604 1597 694; x_wconf 86' lang='lat' dir='ltr'><strong><em>superbarum.</em></strong></span> <span class='ocrx_word' id='word_1_18' title='bbox 1616 609 1676 678; x_wconf 91' lang='lat' dir='ltr'><strong><em>Co-</em></strong></span> 
     </span>
     <span class='ocr_line' id='line_1_3' title="bbox 77 729 1678 825; baseline 0.003 -20"><span class='ocrx_word' id='word_1_19' title='bbox 77 758 199 805; x_wconf 85' lang='lat' dir='ltr'><strong><em>accroa</em></strong></span> <span class='ocrx_word' id='word_1_20' title='bbox 211 757 312 825; x_wconf 89' lang='lat' dir='ltr'><strong><em>super</em></strong></span> <span class='ocrx_word' id='word_1_21' title='bbox 325 755 378 801; x_wconf 89' lang='lat' dir='ltr'><strong><em>eos</em></strong></span> <span class='ocrx_word' id='word_1_22' title='bbox 393 733 595 822; x_wconf 79' lang='lat' dir='ltr'><strong><em>irtsortunio,</em></strong></span> <span class='ocrx_word' id='word_1_23' title='bbox 618 743 654 800; x_wconf 91' lang='lat' dir='ltr'><strong><em>nt</em></strong></span> <span class='ocrx_word' id='word_1_24' title='bbox 667 729 869 822; x_wconf 80' lang='lat' dir='ltr'><strong><em>affliqantur</em></strong></span> <span class='ocrx_word' id='word_1_25' title='bbox 888 741 919 800; x_wconf 88' lang='lat' dir='ltr'><strong><em>et</em></strong></span> <span class='ocrx_word' id='word_1_26' title='bbox 933 742 1213 800; x_wconf 80' lang='lat' dir='ltr'><em>consummantur</em></span> <span class='ocrx_word' id='word_1_27' title='bbox 1224 733 1367 823; x_wconf 83' lang='lat' dir='ltr'><strong><em>spiritus</em></strong></span> <span class='ocrx_word' id='word_1_28' title='bbox 1384 741 1520 807; x_wconf 81' lang='lat' dir='ltr'><strong><em>eorum!</em></strong></span> <span class='ocrx_word' id='word_1_29' title='bbox 1533 740 1678 810; x_wconf 80' lang='lat' dir='ltr'><strong><em>Absumo</em></strong></span> 
     </span>
     <span class='ocr_line' id='line_1_4' title="bbox 77 863 1674 960; baseline 0.004 -24"><span class='ocrx_word' id='word_1_30' title='bbox 77 891 132 937; x_wconf 89' lang='lat' dir='ltr'><strong><em>eos</em></strong></span> <span class='ocrx_word' id='word_1_31' title='bbox 150 891 195 936; x_wconf 75' lang='lat' dir='ltr'><strong><em>ceo</em></strong></span> <span class='ocrx_word' id='word_1_32' title='bbox 215 868 360 948; x_wconf 75' lang='lat' dir='ltr'><strong><em>Oriente,</em></strong></span> <span class='ocrx_word' id='word_1_33' title='bbox 381 867 470 934; x_wconf 75' lang='lat' dir='ltr'><strong><em>siccat</em></strong></span> <span class='ocrx_word' id='word_1_34' title='bbox 488 865 726 956; x_wconf 76' lang='lat' dir='ltr'><strong><em>consumpsisti</em></strong></span> <span class='ocrx_word' id='word_1_35' title='bbox 743 874 916 956; x_wconf 79' lang='lat' dir='ltr'><strong><em>protervos</em></strong></span> <span class='ocrx_word' id='word_1_36' title='bbox 938 863 1084 955; x_wconf 81' lang='lat' dir='ltr'><strong><em>heqqpti</em></strong></span> <span class='ocrx_word' id='word_1_37' title='bbox 1097 887 1161 956; x_wconf 91' lang='lat' dir='ltr'><strong><em>per</em></strong></span> <span class='ocrx_word' id='word_1_38' title='bbox 1186 888 1310 934; x_wconf 86' lang='lat' dir='ltr'><strong><em>manus</em></strong></span> <span class='ocrx_word' id='word_1_39' title='bbox 1336 870 1461 960; x_wconf 81' lang='lat' dir='ltr'><strong><em>Moysis</em></strong></span> <span class='ocrx_word' id='word_1_40' title='bbox 1490 882 1521 939; x_wconf 92' lang='lat' dir='ltr'><strong><em>et</em></strong></span> <span class='ocrx_word' id='word_1_41' title='bbox 1546 875 1674 957; x_wconf 80' lang='lat' dir='ltr'><strong><em>Aaron.</em></strong></span> 
     </span>
    </p>
   </div>
   <div class='ocr_carea' id='block_1_3' title="bbox 80 997 1677 1096">
    <p class='ocr_par' dir='ltr' id='par_1_3' title="bbox 80 997 1677 1096">
     <span class='ocr_line' id='line_1_5' title="bbox 80 997 1677 1096; baseline 0.005 -28"><span class='ocrx_word' id='word_1_42' title='bbox 80 1005 217 1070; x_wconf 83' lang='lat' dir='ltr'><strong><em>luceant</em></strong></span> <span class='ocrx_word' id='word_1_43' title='bbox 243 1001 411 1069; x_wconf 84' lang='lat' dir='ltr'><strong><em>cadavera</em></strong></span> <span class='ocrx_word' id='word_1_44' title='bbox 434 1020 548 1068; x_wconf 91' lang='lat' dir='ltr'><strong><em>corum</em></strong></span> <span class='ocrx_word' id='word_1_45' title='bbox 573 1021 686 1067; x_wconf 88' lang='lat' dir='ltr'><strong><em>coram</em></strong></span> <span class='ocrx_word' id='word_1_46' title='bbox 712 997 909 1066; x_wconf 76' lang='lat' dir='ltr'><strong><em>volatilibus</em></strong></span> <span class='ocrx_word' id='word_1_47' title='bbox 932 997 1017 1066; x_wconf 90' lang='lat' dir='ltr'><strong><em>coeli</em></strong></span> <span class='ocrx_word' id='word_1_48' title='bbox 1036 1007 1068 1067; x_wconf 91' lang='lat' dir='ltr'><strong><em>et</em></strong></span> <span class='ocrx_word' id='word_1_49' title='bbox 1090 998 1203 1068; x_wconf 83' lang='lat' dir='ltr'><strong><em>bestiis</em></strong></span> <span class='ocrx_word' id='word_1_50' title='bbox 1227 1009 1345 1082; x_wconf 87' lang='lat' dir='ltr'><strong><em>terrae,</em></strong></span> <span class='ocrx_word' id='word_1_51' title='bbox 1371 1024 1430 1070; x_wconf 89' lang='lat' dir='ltr'><strong><em>nec</em></strong></span> <span class='ocrx_word' id='word_1_52' title='bbox 1453 1004 1499 1072; x_wconf 84' lang='lat' dir='ltr'><strong><em>sit</em></strong></span> <span class='ocrx_word' id='word_1_53' title='bbox 1520 1007 1580 1096; x_wconf 89' lang='lat' dir='ltr'><strong><em>qui</em></strong></span> <span class='ocrx_word' id='word_1_54' title='bbox 1601 1030 1677 1076; x_wconf 87' lang='lat' dir='ltr'><strong><em>con·</em></strong></span> 
     </span>
    </p>
   </div>
   <div class='ocr_carea' id='block_1_4' title="bbox 77 1131 1783 2824">
    <p class='ocr_par' dir='ltr' id='par_1_4' title="bbox 77 1131 1680 1760">
     <span class='ocr_line' id='line_1_6' title="bbox 77 1131 1671 1224; baseline 0.004 -22"><span class='ocrx_word' id='word_1_55' title='bbox 77 1145 193 1224; x_wconf 84' lang='lat' dir='ltr'><strong><em>qreqct</em></strong></span> <span class='ocrx_word' id='word_1_56' title='bbox 215 1136 276 1201; x_wconf 85' lang='lat' dir='ltr'><strong><em>eal</em></strong></span> <span class='ocrx_word' id='word_1_57' title='bbox 295 1132 400 1201; x_wconf 80' lang='lat' dir='ltr'><strong><em>Perde</em></strong></span> <span class='ocrx_word' id='word_1_58' title='bbox 419 1154 472 1199; x_wconf 87' lang='lat' dir='ltr'><strong><em>eos</em></strong></span> <span class='ocrx_word' id='word_1_59' title='bbox 495 1142 623 1200; x_wconf 88' lang='lat' dir='ltr'><strong><em>eterra</em></strong></span> <span class='ocrx_word' id='word_1_60' title='bbox 648 1131 749 1215; x_wconf 84' lang='lat' dir='ltr'><strong><em>uitae,</em></strong></span> <span class='ocrx_word' id='word_1_61' title='bbox 775 1153 834 1199; x_wconf 90' lang='lat' dir='ltr'><strong><em>nee</em></strong></span> <span class='ocrx_word' id='word_1_62' title='bbox 858 1131 1081 1200; x_wconf 84' lang='lat' dir='ltr'><strong><em>inveniantur</em></strong></span> <span class='ocrx_word' id='word_1_63' title='bbox 1102 1131 1140 1199; x_wconf 86' lang='lat' dir='ltr'><strong><em>in</em></strong></span> <span class='ocrx_word' id='word_1_64' title='bbox 1159 1154 1199 1200; x_wconf 91' lang='lat' dir='ltr'><strong><em>ca</em></strong></span> <span class='ocrx_word' id='word_1_65' title='bbox 1221 1143 1254 1200; x_wconf 91' lang='lat' dir='ltr'><strong><em>ct</em></strong></span> <span class='ocrx_word' id='word_1_66' title='bbox 1275 1132 1386 1202; x_wconf 85' lang='lat' dir='ltr'><strong><em>sciant</em></strong></span> <span class='ocrx_word' id='word_1_67' title='bbox 1414 1144 1444 1202; x_wconf 91' lang='lat' dir='ltr'><strong><em>te</em></strong></span> <span class='ocrx_word' id='word_1_68' title='bbox 1464 1159 1533 1206; x_wconf 89' lang='lat' dir='ltr'><strong><em>esse</em></strong></span> <span class='ocrx_word' id='word_1_69' title='bbox 1556 1141 1671 1222; x_wconf 84' lang='lat' dir='ltr'><strong><em>Deum,</em></strong></span> 
     </span>
     <span class='ocr_line' id='line_1_7' title="bbox 78 1263 1680 1363; baseline 0.004 -29"><span class='ocrx_word' id='word_1_70' title='bbox 78 1268 142 1358; x_wconf 85' lang='lat' dir='ltr'><strong><em>qni</em></strong></span> <span class='ocrx_word' id='word_1_71' title='bbox 159 1267 347 1336; x_wconf 83' lang='lat' dir='ltr'><strong><em>donrinaris</em></strong></span> <span class='ocrx_word' id='word_1_72' title='bbox 371 1265 408 1333; x_wconf 88' lang='lat' dir='ltr'><strong><em>in</em></strong></span> <span class='ocrx_word' id='word_1_73' title='bbox 430 1275 555 1333; x_wconf 86' lang='lat' dir='ltr'><strong><em>terram</em></strong></span> <span class='ocrx_word' id='word_1_74' title='bbox 574 1276 604 1333; x_wconf 91' lang='lat' dir='ltr'><strong><em>ct</em></strong></span> <span class='ocrx_word' id='word_1_75' title='bbox 625 1265 828 1334; x_wconf 79' lang='lat' dir='ltr'><strong><em>habitatores</em></strong></span> <span class='ocrx_word' id='word_1_76' title='bbox 847 1264 930 1346; x_wconf 77' lang='lat' dir='ltr'><strong><em>eicis,</em></strong></span> <span class='ocrx_word' id='word_1_77' title='bbox 958 1273 989 1332; x_wconf 91' lang='lat' dir='ltr'><strong><em>et</em></strong></span> <span class='ocrx_word' id='word_1_78' title='bbox 1005 1263 1049 1332; x_wconf 92' lang='lat' dir='ltr'><strong><em>da</em></strong></span> <span class='ocrx_word' id='word_1_79' title='bbox 1069 1265 1355 1356; x_wconf 82' lang='lat' dir='ltr'><strong><em>tranquillitatem</em></strong></span> <span class='ocrx_word' id='word_1_80' title='bbox 1379 1267 1449 1338; x_wconf 92' lang='lat' dir='ltr'><strong><em>loco</em></strong></span> <span class='ocrx_word' id='word_1_81' title='bbox 1473 1281 1586 1339; x_wconf 83' lang='lat' dir='ltr'><strong><em>nostro</em></strong></span> <span class='ocrx_word' id='word_1_82' title='bbox 1600 1283 1680 1363; x_wconf 91' lang='lat' dir='ltr'><strong><em>post</em></strong></span> 
     </span>
     <span class='ocr_line' id='line_1_8' title="bbox 80 1397 1678 1490; baseline 0.003 -23"><span class='ocrx_word' id='word_1_83' title='bbox 80 1422 142 1468; x_wconf 84' lang='lat' dir='ltr'><strong><em>nos</em></strong></span> <span class='ocrx_word' id='word_1_84' title='bbox 170 1410 201 1468; x_wconf 94' lang='lat' dir='ltr'><strong><em>et</em></strong></span> <span class='ocrx_word' id='word_1_85' title='bbox 226 1400 270 1468; x_wconf 92' lang='lat' dir='ltr'><strong><em>da</em></strong></span> <span class='ocrx_word' id='word_1_86' title='bbox 291 1421 411 1490; x_wconf 81' lang='lat' dir='ltr'><strong><em>pacem</em></strong></span> <span class='ocrx_word' id='word_1_87' title='bbox 443 1397 576 1489; x_wconf 78' lang='lat' dir='ltr'><strong><em>cepioni</em></strong></span> <span class='ocrx_word' id='word_1_88' title='bbox 599 1407 733 1467; x_wconf 87' lang='lat' dir='ltr'><strong><em>nostrae</em></strong></span> <span class='ocrx_word' id='word_1_89' title='bbox 761 1406 897 1488; x_wconf 86' lang='lat' dir='ltr'><strong><em>propter</em></strong></span> <span class='ocrx_word' id='word_1_90' title='bbox 927 1407 1077 1465; x_wconf 88' lang='lat' dir='ltr'><strong><em>nostram</em></strong></span> <span class='ocrx_word' id='word_1_91' title='bbox 1104 1399 1352 1468; x_wconf 86' lang='lat' dir='ltr'><strong><em>conversionem</em></strong></span> <span class='ocrx_word' id='word_1_92' title='bbox 1377 1400 1424 1469; x_wconf 87' lang='lat' dir='ltr'><strong><em>ad</em></strong></span> <span class='ocrx_word' id='word_1_93' title='bbox 1450 1405 1500 1472; x_wconf 88' lang='lat' dir='ltr'><strong><em>te!</em></strong></span> <span class='ocrx_word' id='word_1_94' title='bbox 1518 1406 1678 1474; x_wconf 71' lang='lat' dir='ltr'><strong><em>&#39;Reconci-</em></strong></span> 
     </span>
     <span class='ocr_line' id='line_1_9' title="bbox 81 1529 1678 1627; baseline 0.003 -26"><span class='ocrx_word' id='word_1_95' title='bbox 81 1534 169 1602; x_wconf 88' lang='lat' dir='ltr'><strong><em>liare</em></strong></span> <span class='ocrx_word' id='word_1_96' title='bbox 187 1535 327 1602; x_wconf 84' lang='lat' dir='ltr'><strong><em>Domine</em></strong></span> <span class='ocrx_word' id='word_1_97' title='bbox 345 1555 409 1623; x_wconf 89' lang='lat' dir='ltr'><strong><em>per</em></strong></span> <span class='ocrx_word' id='word_1_98' title='bbox 429 1532 633 1620; x_wconf 79' lang='lat' dir='ltr'><strong><em>sanquinem</em></strong></span> <span class='ocrx_word' id='word_1_99' title='bbox 657 1540 862 1600; x_wconf 87' lang='lat' dir='ltr'><strong><em>nostramet</em></strong></span> <span class='ocrx_word' id='word_1_100' title='bbox 888 1529 1042 1620; x_wconf 83' lang='lat' dir='ltr'><strong><em>relinque</em></strong></span> <span class='ocrx_word' id='word_1_101' title='bbox 1064 1530 1230 1622; x_wconf 83' lang='lat' dir='ltr'><strong><em>reliquias</em></strong></span> <span class='ocrx_word' id='word_1_102' title='bbox 1240 1532 1366 1623; x_wconf 90' lang='lat' dir='ltr'><strong><em>populo</em></strong></span> <span class='ocrx_word' id='word_1_103' title='bbox 1391 1545 1447 1602; x_wconf 92' lang='lat' dir='ltr'><strong><em>tuo</em></strong></span> <span class='ocrx_word' id='word_1_104' title='bbox 1466 1535 1608 1627; x_wconf 86' lang='lat' dir='ltr'><strong><em>direpto.</em></strong></span> <span class='ocrx_word' id='word_1_105' title='bbox 1632 1537 1678 1606; x_wconf 92' lang='lat' dir='ltr'><strong><em>Et</em></strong></span> 
     </span>
     <span class='ocr_line' id='line_1_10' title="bbox 80 1662 275 1760; baseline -0.005 -26"><span class='ocrx_word' id='word_1_106' title='bbox 80 1662 135 1735; x_wconf 87' lang='lat' dir='ltr'><strong><em>sic</em></strong></span> <span class='ocrx_word' id='word_1_107' title='bbox 155 1688 275 1760; x_wconf 91' lang='lat' dir='ltr'><strong><em>porro.</em></strong></span> 
     </span>
    </p>

    <p class='ocr_par' dir='ltr' id='par_1_5' title="bbox 80 1792 1783 2824">
     <span class='ocr_line' id='line_1_11' title="bbox 156 1792 1677 1886; baseline 0.003 -18"><span class='ocrx_word' id='word_1_108' title='bbox 156 1798 254 1868; x_wconf 86' lang='lat' dir='ltr'><strong><em>Haec</em></strong></span> <span class='ocrx_word' id='word_1_109' title='bbox 269 1794 380 1867; x_wconf 89' lang='lat' dir='ltr'><strong><em>verba</em></strong></span> <span class='ocrx_word' id='word_1_110' title='bbox 396 1793 587 1866; x_wconf 91' lang='lat' dir='ltr'><strong><em>Maruthae</em></strong></span> <span class='ocrx_word' id='word_1_111' title='bbox 603 1818 676 1864; x_wconf 92' lang='lat' dir='ltr'><strong><em>non</em></strong></span> <span class='ocrx_word' id='word_1_112' title='bbox 698 1816 779 1864; x_wconf 90' lang='lat' dir='ltr'><strong><em>esse</em></strong></span> <span class='ocrx_word' id='word_1_113' title='bbox 792 1792 1024 1864; x_wconf 81' lang='lat' dir='ltr'><strong><em>manifestum</em></strong></span> <span class='ocrx_word' id='word_1_114' title='bbox 1040 1805 1107 1864; x_wconf 88' lang='lat' dir='ltr'><strong><em>est.</em></strong></span> <span class='ocrx_word' id='word_1_115' title='bbox 1129 1793 1168 1866; x_wconf 93' lang='lat' dir='ltr'><strong><em>Si</em></strong></span> <span class='ocrx_word' id='word_1_116' title='bbox 1184 1795 1281 1865; x_wconf 91' lang='lat' dir='ltr'><strong><em>enim</em></strong></span> <span class='ocrx_word' id='word_1_117' title='bbox 1301 1808 1428 1870; x_wconf 86' lang='lat' dir='ltr'><strong><em>auctor</em></strong></span> <span class='ocrx_word' id='word_1_118' title='bbox 1446 1811 1527 1870; x_wconf 89' lang='lat' dir='ltr'><strong><em>orat</em></strong></span> <span class='ocrx_word' id='word_1_119' title='bbox 1544 1801 1677 1886; x_wconf 91' lang='lat' dir='ltr'><strong><em>Deum,</em></strong></span> 
     </span>
     <span class='ocr_line' id='line_1_12' title="bbox 80 1924 1679 2027; baseline 0.004 -29"><span class='ocrx_word' id='word_1_120' title='bbox 80 1941 122 1999; x_wconf 91' lang='lat' dir='ltr'><strong><em>ut</em></strong></span> <span class='ocrx_word' id='word_1_121' title='bbox 143 1935 281 2023; x_wconf 81' lang='lat' dir='ltr'><strong><em>Cyrum,</em></strong></span> <span class='ocrx_word' id='word_1_122' title='bbox 300 1928 337 1999; x_wconf 94' lang='lat' dir='ltr'><strong><em>id</em></strong></span> <span class='ocrx_word' id='word_1_123' title='bbox 355 1941 412 2000; x_wconf 89' lang='lat' dir='ltr'><strong><em>est</em></strong></span> <span class='ocrx_word' id='word_1_124' title='bbox 429 1951 568 2027; x_wconf 83' lang='lat' dir='ltr'><strong><em>regem,</em></strong></span> <span class='ocrx_word' id='word_1_125' title='bbox 588 1925 650 2024; x_wconf 93' lang='lat' dir='ltr'><strong><em>qui</em></strong></span> <span class='ocrx_word' id='word_1_126' title='bbox 672 1925 857 1998; x_wconf 82' lang='lat' dir='ltr'><strong><em>Ecclesiae</em></strong></span> <span class='ocrx_word' id='word_1_127' title='bbox 876 1924 1084 1998; x_wconf 89' lang='lat' dir='ltr'><strong><em>libertatem</em></strong></span> <span class='ocrx_word' id='word_1_128' title='bbox 1099 1925 1270 1999; x_wconf 89' lang='lat' dir='ltr'><strong><em>restituat</em></strong></span> <span class='ocrx_word' id='word_1_129' title='bbox 1284 1941 1319 2000; x_wconf 92' lang='lat' dir='ltr'><strong><em>et</em></strong></span> <span class='ocrx_word' id='word_1_130' title='bbox 1335 1929 1454 2003; x_wconf 91' lang='lat' dir='ltr'><strong><em>diruta</em></strong></span> <span class='ocrx_word' id='word_1_131' title='bbox 1470 1933 1679 2005; x_wconf 89' lang='lat' dir='ltr'><strong><em>sanctuaria</em></strong></span> 
     </span>
     <span class='ocr_line' id='line_1_13' title="bbox 80 2061 1679 2159; baseline 0.003 -27"><span class='ocrx_word' id='word_1_132' title='bbox 80 2061 316 2133; x_wconf 85' lang='lat' dir='ltr'><strong><em>reaedificare</em></strong></span> <span class='ocrx_word' id='word_1_133' title='bbox 332 2061 518 2159; x_wconf 89' lang='lat' dir='ltr'><strong><em>permittat</em></strong></span> <span class='ocrx_word' id='word_1_134' title='bbox 535 2103 585 2112; x_wconf 93' lang='lat'>—</span> <span class='ocrx_word' id='word_1_135' title='bbox 599 2084 664 2153; x_wconf 89' lang='lat' dir='ltr'><strong><em>pro</em></strong></span> <span class='ocrx_word' id='word_1_136' title='bbox 680 2062 778 2153; x_wconf 87' lang='lat' dir='ltr'><strong><em>quo,</em></strong></span> <span class='ocrx_word' id='word_1_137' title='bbox 798 2061 945 2130; x_wconf 86' lang='lat' dir='ltr'><strong><em>similem</em></strong></span> <span class='ocrx_word' id='word_1_138' title='bbox 961 2063 1051 2152; x_wconf 86' lang='lat' dir='ltr'><strong><em>quo</em></strong></span> <span class='ocrx_word' id='word_1_139' title='bbox 1069 2063 1263 2144; x_wconf 90' lang='lat' dir='ltr'><strong><em>constituat,</em></strong></span> <span class='ocrx_word' id='word_1_140' title='bbox 1287 2061 1398 2133; x_wconf 89' lang='lat' dir='ltr'><strong><em>verba</em></strong></span> <span class='ocrx_word' id='word_1_141' title='bbox 1419 2063 1481 2135; x_wconf 91' lang='lat' dir='ltr'><strong><em>illa</em></strong></span> <span class='ocrx_word' id='word_1_142' title='bbox 1501 2076 1584 2137; x_wconf 89' lang='lat' dir='ltr'><strong><em>aute</em></strong></span> <span class='ocrx_word' id='word_1_143' title='bbox 1601 2069 1679 2137; x_wconf 90' lang='lat' dir='ltr'><strong><em>lez-</em></strong></span> 
     </span>
     <span class='ocr_line' id='line_1_14' title="bbox 81 2190 1677 2295; baseline 0.002 -30"><span class='ocrx_word' id='word_1_144' title='bbox 81 2194 282 2292; x_wconf 81' lang='lat' dir='ltr'><strong><em>degerdcm</em></strong></span> <span class='ocrx_word' id='word_1_145' title='bbox 299 2198 330 2265; x_wconf 93' lang='grc'><strong><em>11</em></strong></span> <span class='ocrx_word' id='word_1_146' title='bbox 352 2193 511 2290; x_wconf 86' lang='lat' dir='ltr'><strong><em>scripsit,</em></strong></span> <span class='ocrx_word' id='word_1_147' title='bbox 531 2192 592 2290; x_wconf 88' lang='lat' dir='ltr'><strong><em>qui</em></strong></span> <span class='ocrx_word' id='word_1_148' title='bbox 615 2192 784 2264; x_wconf 83' lang='lat' dir='ltr'><strong><em>Maratha</em></strong></span> <span class='ocrx_word' id='word_1_149' title='bbox 803 2190 1067 2263; x_wconf 85' lang='lat' dir='ltr'><strong><em>interveniente</em></strong></span> <span class='ocrx_word' id='word_1_150' title='bbox 1090 2192 1275 2266; x_wconf 86' lang='lat' dir='ltr'><strong><em>Ecclesiae</em></strong></span> <span class='ocrx_word' id='word_1_151' title='bbox 1291 2192 1495 2268; x_wconf 90' lang='lat' dir='ltr'><strong><em>libertatem</em></strong></span> <span class='ocrx_word' id='word_1_152' title='bbox 1512 2199 1677 2295; x_wconf 79' lang='lat' dir='ltr'><strong><em>agnovit.</em></strong></span> 
     </span>
     <span class='ocr_line' id='line_1_15' title="bbox 81 2322 1681 2428; baseline 0.003 -30"><span class='ocrx_word' id='word_1_153' title='bbox 81 2329 159 2398; x_wconf 88' lang='lat' dir='ltr'><strong><em>Nec</em></strong></span> <span class='ocrx_word' id='word_1_154' title='bbox 175 2326 406 2426; x_wconf 80' lang='lat' dir='ltr'><strong><em>intelligitur,</em></strong></span> <span class='ocrx_word' id='word_1_155' title='bbox 423 2350 531 2423; x_wconf 91' lang='lat' dir='ltr'><strong><em>qaam</em></strong></span> <span class='ocrx_word' id='word_1_156' title='bbox 547 2325 593 2396; x_wconf 82' lang='lat' dir='ltr'><strong><em>olr</em></strong></span> <span class='ocrx_word' id='word_1_157' title='bbox 612 2350 760 2397; x_wconf 90' lang='lat' dir='ltr'><strong><em>causam</em></strong></span> <span class='ocrx_word' id='word_1_158' title='bbox 776 2337 940 2397; x_wconf 90' lang='lat' dir='ltr'><strong><em>uteretur</em></strong></span> <span class='ocrx_word' id='word_1_159' title='bbox 954 2322 1123 2396; x_wconf 85' lang='lat' dir='ltr'><strong><em>Maratha</em></strong></span> <span class='ocrx_word' id='word_1_160' title='bbox 1137 2325 1260 2398; x_wconf 90' lang='lat' dir='ltr'><strong><em>verbis</em></strong></span> <span class='ocrx_word' id='word_1_161' title='bbox 1279 2339 1353 2399; x_wconf 90' lang='lat' dir='ltr'><strong><em>tam</em></strong></span> <span class='ocrx_word' id='word_1_162' title='bbox 1370 2328 1471 2401; x_wconf 90' lang='lat' dir='ltr'><strong><em>duris</em></strong></span> <span class='ocrx_word' id='word_1_163' title='bbox 1491 2342 1528 2401; x_wconf 90' lang='lat' dir='ltr'><strong><em>ct</em></strong></span> <span class='ocrx_word' id='word_1_164' title='bbox 1544 2330 1681 2428; x_wconf 86' lang='lat' dir='ltr'><strong><em>impre-</em></strong></span> 
     </span>
     <span class='ocr_line' id='line_1_16' title="bbox 82 2425 1783 2560; baseline 0.004 -30"><span class='ocrx_word' id='word_1_165' title='bbox 82 2459 289 2533; x_wconf 88' lang='lat' dir='ltr'><strong><em>cationibus</em></strong></span> <span class='ocrx_word' id='word_1_166' title='bbox 316 2471 455 2531; x_wconf 89' lang='lat' dir='ltr'><strong><em>tantam</em></strong></span> <span class='ocrx_word' id='word_1_167' title='bbox 478 2458 616 2530; x_wconf 88' lang='lat' dir='ltr'><strong><em>rabiem</em></strong></span> <span class='ocrx_word' id='word_1_168' title='bbox 646 2457 908 2543; x_wconf 84' lang='lat' dir='ltr'><strong><em>redolentibus,</em></strong></span> <span class='ocrx_word' id='word_1_169' title='bbox 932 2455 963 2529; x_wconf 91' lang='lat' dir='ltr'><strong><em>si</em></strong></span> <span class='ocrx_word' id='word_1_170' title='bbox 987 2480 1160 2528; x_wconf 88' lang='lat' dir='ltr'><strong><em>unacum</em></strong></span> <span class='ocrx_word' id='word_1_171' title='bbox 1183 2458 1397 2532; x_wconf 85' lang='lat' dir='ltr'><strong><em>collectione</em></strong></span> <span class='ocrx_word' id='word_1_172' title='bbox 1417 2461 1510 2533; x_wconf 89' lang='lat' dir='ltr'><strong><em>hanc</em></strong></span> <span class='ocrx_word' id='word_1_173' title='bbox 1535 2488 1680 2560; x_wconf 88' lang='lat' dir='ltr'><strong><em>quoque</em></strong></span> <span class='ocrx_word' id='word_1_174' title='bbox 1777 2425 1783 2437; x_wconf 32' lang='grc' dir='ltr'><strong><em>ι</em></strong></span> 
     </span>
     <span class='ocr_line' id='line_1_17' title="bbox 84 2589 1682 2690; baseline 0.003 -28"><span class='ocrx_word' id='word_1_175' title='bbox 84 2592 392 2664; x_wconf 84' lang='lat' dir='ltr'><strong><em>introductionem</em></strong></span> <span class='ocrx_word' id='word_1_176' title='bbox 413 2590 691 2688; x_wconf 86' lang='lat' dir='ltr'><strong><em>composuisset.</em></strong></span> <span class='ocrx_word' id='word_1_177' title='bbox 713 2590 913 2690; x_wconf 83' lang='lat' dir='ltr'><strong><em>lendegerd</em></strong></span> <span class='ocrx_word' id='word_1_178' title='bbox 931 2589 1040 2674; x_wconf 90' lang='lat' dir='ltr'><strong><em>enim,</em></strong></span> <span class='ocrx_word' id='word_1_179' title='bbox 1059 2589 1164 2661; x_wconf 88' lang='lat' dir='ltr'><strong><em>cuius</em></strong></span> <span class='ocrx_word' id='word_1_180' title='bbox 1182 2602 1346 2690; x_wconf 89' lang='lat' dir='ltr'><strong><em>tempore</em></strong></span> <span class='ocrx_word' id='word_1_181' title='bbox 1369 2594 1538 2666; x_wconf 84' lang='lat' dir='ltr'><strong><em>Maratha</em></strong></span> <span class='ocrx_word' id='word_1_182' title='bbox 1559 2595 1682 2668; x_wconf 88' lang='lat' dir='ltr'><strong><em>Persi-</em></strong></span> 
     </span>
     <span class='ocr_line' id='line_1_18' title="bbox 84 2721 1682 2824; baseline 0.003 -30"><span class='ocrx_word' id='word_1_183' title='bbox 84 2723 170 2796; x_wconf 88' lang='lat' dir='ltr'><strong><em>dem</em></strong></span> <span class='ocrx_word' id='word_1_184' title='bbox 194 2724 368 2811; x_wconf 84' lang='lat' dir='ltr'><strong><em>visitavit,</em></strong></span> <span class='ocrx_word' id='word_1_185' title='bbox 392 2722 611 2797; x_wconf 91' lang='lat' dir='ltr'><strong><em>Christianis</em></strong></span> <span class='ocrx_word' id='word_1_186' title='bbox 633 2723 790 2810; x_wconf 88' lang='lat' dir='ltr'><strong><em>favebat,</em></strong></span> <span class='ocrx_word' id='word_1_187' title='bbox 815 2721 983 2795; x_wconf 90' lang='lat' dir='ltr'><strong><em>Maratha</em></strong></span> <span class='ocrx_word' id='word_1_188' title='bbox 1012 2745 1098 2793; x_wconf 91' lang='lat' dir='ltr'><strong><em>vero</em></strong></span> <span class='ocrx_word' id='word_1_189' title='bbox 1120 2747 1215 2795; x_wconf 88' lang='lat' dir='ltr'><strong><em>anus</em></strong></span> <span class='ocrx_word' id='word_1_190' title='bbox 1237 2723 1305 2797; x_wconf 87' lang='lat' dir='ltr'><strong><em>fait</em></strong></span> <span class='ocrx_word' id='word_1_191' title='bbox 1324 2725 1579 2824; x_wconf 90' lang='lat' dir='ltr'><strong><em>episcoporum</em></strong></span> <span class='ocrx_word' id='word_1_192' title='bbox 1604 2726 1682 2811; x_wconf 86' lang='lat' dir='ltr'><strong><em>illo-</em></strong></span> 
     </span>
    </p>
   </div>
   <div class='ocr_carea' id='block_1_5' title="bbox 84 2852 1681 3062">
    <p class='ocr_par' dir='ltr' id='par_1_6' title="bbox 84 2852 1681 3062">
     <span class='ocr_line' id='line_1_19' title="bbox 84 2852 1681 2956; baseline 0.003 -29"><span class='ocrx_word' id='word_1_193' title='bbox 84 2881 181 2940; x_wconf 85' lang='lat' dir='ltr'><strong><em>rum,</em></strong></span> <span class='ocrx_word' id='word_1_194' title='bbox 206 2857 266 2954; x_wconf 94' lang='lat' dir='ltr'><strong><em>qui</em></strong></span> <span class='ocrx_word' id='word_1_195' title='bbox 296 2857 555 2956; x_wconf 75' lang='lat' dir='ltr'><strong><em>leudegardem</em></strong></span> <span class='ocrx_word' id='word_1_196' title='bbox 581 2871 731 2955; x_wconf 91' lang='lat' dir='ltr'><strong><em>propter</em></strong></span> <span class='ocrx_word' id='word_1_197' title='bbox 754 2856 960 2929; x_wconf 90' lang='lat' dir='ltr'><strong><em>libertatem</em></strong></span> <span class='ocrx_word' id='word_1_198' title='bbox 991 2852 1176 2927; x_wconf 86' lang='lat' dir='ltr'><strong><em>Ecclesiae</em></strong></span> <span class='ocrx_word' id='word_1_199' title='bbox 1206 2857 1386 2931; x_wconf 88' lang='lat' dir='ltr'><strong><em>redditam</em></strong></span> <span class='ocrx_word' id='word_1_200' title='bbox 1418 2860 1594 2932; x_wconf 90' lang='lat' dir='ltr'><strong><em>encomiis</em></strong></span> <span class='ocrx_word' id='word_1_201' title='bbox 1622 2884 1681 2933; x_wconf 91' lang='lat' dir='ltr'><strong><em>ce-</em></strong></span> 
     </span>
     <span class='ocr_line' id='line_1_20' title="bbox 85 2987 313 3062; baseline 0.004 -3"><span class='ocrx_word' id='word_1_202' title='bbox 85 2987 313 3062; x_wconf 87' lang='lat' dir='ltr'><strong><em>lebrabant¹.</em></strong></span> 
     </span>
    </p>
   </div>
   <div class='ocr_carea' id='block_1_6' title="bbox 87 3253 1698 5482">
    <p class='ocr_par' dir='ltr' id='par_1_7' title="bbox 87 3253 1688 3886">
     <span class='ocr_line' id='line_1_21' title="bbox 163 3253 1685 3356; baseline 0.001 -28"><span class='ocrx_word' id='word_1_203' title='bbox 163 3257 197 3328; x_wconf 89' lang='lat'><strong><em>7.</em></strong></span> <span class='ocrx_word' id='word_1_204' title='bbox 226 3256 342 3354; x_wconf 83' lang='lat' dir='ltr'><strong><em>Igitur</em></strong></span> <span class='ocrx_word' id='word_1_205' title='bbox 368 3269 445 3328; x_wconf 94' lang='lat' dir='ltr'><strong><em>tam</em></strong></span> <span class='ocrx_word' id='word_1_206' title='bbox 477 3255 648 3354; x_wconf 80' lang='lat' dir='ltr'><strong><em>epilogus</em></strong></span> <span class='ocrx_word' id='word_1_207' title='bbox 680 3267 758 3326; x_wconf 90' lang='lat' dir='ltr'><strong><em>tum</em></strong></span> <span class='ocrx_word' id='word_1_208' title='bbox 790 3253 1012 3328; x_wconf 86' lang='lat' dir='ltr'><strong><em>introductio</em></strong></span> <span class='ocrx_word' id='word_1_209' title='bbox 1037 3255 1151 3328; x_wconf 89' lang='lat' dir='ltr'><strong><em>totius</em></strong></span> <span class='ocrx_word' id='word_1_210' title='bbox 1186 3255 1413 3329; x_wconf 86' lang='lat' dir='ltr'><strong><em>collectionis</em></strong></span> <span class='ocrx_word' id='word_1_211' title='bbox 1446 3258 1620 3356; x_wconf 86' lang='lat' dir='ltr'><strong><em>Martyria</em></strong></span> <span class='ocrx_word' id='word_1_212' title='bbox 1647 3257 1685 3329; x_wconf 92' lang='lat' dir='ltr'><strong><em>in</em></strong></span> 
     </span>
     <span class='ocr_line' id='line_1_22' title="bbox 87 3387 1685 3487; baseline 0.001 -26"><span class='ocrx_word' id='word_1_213' title='bbox 87 3389 217 3461; x_wconf 88' lang='lat' dir='ltr'><strong><em>eadem</em></strong></span> <span class='ocrx_word' id='word_1_214' title='bbox 242 3401 413 3461; x_wconf 90' lang='lat' dir='ltr'><strong><em>contenta</em></strong></span> <span class='ocrx_word' id='word_1_215' title='bbox 439 3400 523 3460; x_wconf 91' lang='lat' dir='ltr'><strong><em>ante</em></strong></span> <span class='ocrx_word' id='word_1_216' title='bbox 560 3413 686 3486; x_wconf 88' lang='lat' dir='ltr'><strong><em>pacem</em></strong></span> <span class='ocrx_word' id='word_1_217' title='bbox 712 3387 898 3460; x_wconf 90' lang='lat' dir='ltr'><strong><em>Ecclesiae</em></strong></span> <span class='ocrx_word' id='word_1_218' title='bbox 925 3413 947 3459; x_wconf 86' lang='lat' dir='ltr'><strong><em>a</em></strong></span> <span class='ocrx_word' id='word_1_219' title='bbox 972 3388 1195 3487; x_wconf 79' lang='lat' dir='ltr'><strong><em>lezdegerde</em></strong></span> <span class='ocrx_word' id='word_1_220' title='bbox 1221 3389 1400 3462; x_wconf 91' lang='lat' dir='ltr'><strong><em>redditam</em></strong></span> <span class='ocrx_word' id='word_1_221' title='bbox 1428 3402 1575 3462; x_wconf 88' lang='lat' dir='ltr'><strong><em>exarata</em></strong></span> <span class='ocrx_word' id='word_1_222' title='bbox 1605 3415 1685 3462; x_wconf 90' lang='lat' dir='ltr'><strong><em>esse</em></strong></span> 
     </span>
     <span class='ocr_line' id='line_1_23' title="bbox 87 3495 1683 3621; baseline 0.001 -28"><span class='ocrx_word' id='word_1_223' title='bbox 87 3535 317 3620; x_wconf 89' lang='lat' dir='ltr'><strong><em>supponunt;</em></strong></span> <span class='ocrx_word' id='word_1_224' title='bbox 335 3522 514 3594; x_wconf 91' lang='lat' dir='ltr'><strong><em>terminus</em></strong></span> <span class='ocrx_word' id='word_1_225' title='bbox 539 3521 654 3620; x_wconf 86' lang='lat' dir='ltr'><strong><em>igitur</em></strong></span> <span class='ocrx_word' id='word_1_226' title='bbox 680 3521 968 3605; x_wconf 84' lang='lat' dir='ltr'><strong><em>recentissimus,</em></strong></span> <span class='ocrx_word' id='word_1_227' title='bbox 992 3522 1053 3620; x_wconf 93' lang='lat' dir='ltr'><strong><em>qui</em></strong></span> <span class='ocrx_word' id='word_1_228' title='bbox 1074 3521 1165 3594; x_wconf 91' lang='lat' dir='ltr'><strong><em>actis</em></strong></span> <span class='ocrx_word' id='word_1_229' title='bbox 1191 3495 1348 3594; x_wconf 87' lang='lat' dir='ltr'><strong><em>exaratis</em></strong></span> <span class='ocrx_word' id='word_1_230' title='bbox 1373 3522 1530 3594; x_wconf 90' lang='lat' dir='ltr'><strong><em>adscribi</em></strong></span> <span class='ocrx_word' id='word_1_231' title='bbox 1549 3535 1683 3621; x_wconf 86' lang='lat' dir='ltr'><strong><em>potest,</em></strong></span> 
     </span>
     <span class='ocr_line' id='line_1_24' title="bbox 88 3653 1688 3753; baseline 0.001 -27"><span class='ocrx_word' id='word_1_232' title='bbox 88 3680 209 3727; x_wconf 90' lang='lat' dir='ltr'><strong><em>annus</em></strong></span> <span class='ocrx_word' id='word_1_233' title='bbox 231 3656 302 3727; x_wconf 90' lang='grc'><strong><em>407</em></strong></span> <span class='ocrx_word' id='word_1_234' title='bbox 325 3669 401 3739; x_wconf 83' lang='lat' dir='ltr'><strong><em>est3</em></strong></span> <span class='ocrx_word' id='word_1_235' title='bbox 420 3680 503 3727; x_wconf 92' lang='lat' dir='ltr'><strong><em>nam</em></strong></span> <span class='ocrx_word' id='word_1_236' title='bbox 524 3680 620 3727; x_wconf 90' lang='lat' dir='ltr'><strong><em>anno</em></strong></span> <span class='ocrx_word' id='word_1_237' title='bbox 641 3666 816 3751; x_wconf 90' lang='lat' dir='ltr'><strong><em>sequente</em></strong></span> <span class='ocrx_word' id='word_1_238' title='bbox 834 3680 923 3751; x_wconf 90' lang='lat' dir='ltr'><strong><em>pace</em></strong></span> <span class='ocrx_word' id='word_1_239' title='bbox 943 3680 1025 3726; x_wconf 92' lang='lat' dir='ltr'><strong><em>cum</em></strong></span> <span class='ocrx_word' id='word_1_240' title='bbox 1041 3653 1215 3727; x_wconf 89' lang='lat' dir='ltr'><strong><em>Romanis</em></strong></span> <span class='ocrx_word' id='word_1_241' title='bbox 1231 3655 1321 3727; x_wconf 90' lang='lat' dir='ltr'><strong><em>inita</em></strong></span> <span class='ocrx_word' id='word_1_242' title='bbox 1339 3655 1442 3753; x_wconf 90' lang='lat' dir='ltr'><strong><em>Syris</em></strong></span> <span class='ocrx_word' id='word_1_243' title='bbox 1461 3680 1545 3753; x_wconf 90' lang='lat' dir='ltr'><strong><em>spes</em></strong></span> <span class='ocrx_word' id='word_1_244' title='bbox 1566 3681 1688 3728; x_wconf 91' lang='lat' dir='ltr'><strong><em>reram</em></strong></span> 
     </span>
     <span class='ocr_line' id='line_1_25' title="bbox 88 3788 537 3886; baseline 0.002 -27"><span class='ocrx_word' id='word_1_245' title='bbox 88 3788 304 3861; x_wconf 88' lang='lat' dir='ltr'><strong><em>mutationis</em></strong></span> <span class='ocrx_word' id='word_1_246' title='bbox 325 3788 537 3886; x_wconf 80' lang='lat' dir='ltr'><strong><em>allulgehat.</em></strong></span> 
     </span>
    </p>

    <p class='ocr_par' dir='ltr' id='par_1_8' title="bbox 92 3918 1692 4791">
     <span class='ocr_line' id='line_1_26' title="bbox 166 3918 1687 4019; baseline -0.001 -27"><span class='ocrx_word' id='word_1_247' title='bbox 166 3921 231 3992; x_wconf 90' lang='lat' dir='ltr'><strong><em>llis</em></strong></span> <span class='ocrx_word' id='word_1_248' title='bbox 258 3933 379 3993; x_wconf 90' lang='lat' dir='ltr'><strong><em>autem</em></strong></span> <span class='ocrx_word' id='word_1_249' title='bbox 409 3920 586 4018; x_wconf 89' lang='lat' dir='ltr'><strong><em>expositis</em></strong></span> <span class='ocrx_word' id='word_1_250' title='bbox 607 3918 856 4018; x_wconf 91' lang='lat' dir='ltr'><strong><em>quaerendum</em></strong></span> <span class='ocrx_word' id='word_1_251' title='bbox 877 3919 946 3991; x_wconf 84' lang='lat' dir='ltr'><strong><em>erit</em></strong></span> <span class='ocrx_word' id='word_1_252' title='bbox 971 3920 1090 4016; x_wconf 88' lang='lat' dir='ltr'><strong><em>qualis</em></strong></span> <span class='ocrx_word' id='word_1_253' title='bbox 1116 3920 1225 3992; x_wconf 86' lang='lat' dir='ltr'><strong><em>luerit</em></strong></span> <span class='ocrx_word' id='word_1_254' title='bbox 1245 3920 1410 3992; x_wconf 90' lang='lat' dir='ltr'><strong><em>recensio</em></strong></span> <span class='ocrx_word' id='word_1_255' title='bbox 1436 3919 1497 3993; x_wconf 91' lang='lat' dir='ltr'><strong><em>illa</em></strong></span> <span class='ocrx_word' id='word_1_256' title='bbox 1523 3922 1687 4019; x_wconf 91' lang='lat' dir='ltr'><strong><em>Martyrii</em></strong></span> 
     </span>
     <span class='ocr_line' id='line_1_27' title="bbox 92 4052 1690 4152; baseline -0.001 -26"><span class='ocrx_word' id='word_1_257' title='bbox 92 4058 130 4126; x_wconf 88' lang='lat' dir='ltr'><strong><em>S.</em></strong></span> <span class='ocrx_word' id='word_1_258' title='bbox 159 4054 353 4136; x_wconf 65' lang='lat' dir='ltr'><strong><em>Simeonis</em></strong></span> <span class='ocrx_word' id='word_1_259' title='bbox 379 4079 472 4151; x_wconf 89' lang='lat' dir='ltr'><strong><em>quae</em></strong></span> <span class='ocrx_word' id='word_1_260' title='bbox 502 4053 540 4124; x_wconf 92' lang='lat' dir='ltr'><strong><em>in</em></strong></span> <span class='ocrx_word' id='word_1_261' title='bbox 566 4065 692 4125; x_wconf 89' lang='lat' dir='ltr'><strong><em>nostra</em></strong></span> <span class='ocrx_word' id='word_1_262' title='bbox 718 4052 933 4126; x_wconf 88' lang='lat' dir='ltr'><strong><em>collectione</em></strong></span> <span class='ocrx_word' id='word_1_263' title='bbox 958 4053 1138 4125; x_wconf 89' lang='lat' dir='ltr'><strong><em>exstabat.</em></strong></span> <span class='ocrx_word' id='word_1_264' title='bbox 1163 4056 1239 4125; x_wconf 91' lang='lat' dir='ltr'><strong><em>Iam</em></strong></span> <span class='ocrx_word' id='word_1_265' title='bbox 1261 4052 1447 4125; x_wconf 91' lang='lat' dir='ltr'><strong><em>innuimus</em></strong></span> <span class='ocrx_word' id='word_1_266' title='bbox 1475 4054 1690 4152; x_wconf 86' lang='lat' dir='ltr'><strong><em>Martyrium</em></strong></span> 
     </span>
     <span class='ocr_line' id='line_1_28' title="bbox 92 4184 1692 4284; baseline -0.001 -25"><span class='ocrx_word' id='word_1_267' title='bbox 92 4192 131 4259; x_wconf 92' lang='lat' dir='ltr'><strong><em>S.</em></strong></span> <span class='ocrx_word' id='word_1_268' title='bbox 163 4186 344 4259; x_wconf 90' lang='lat' dir='ltr'><strong><em>Simeonis</em></strong></span> <span class='ocrx_word' id='word_1_269' title='bbox 374 4187 411 4257; x_wconf 94' lang='lat' dir='ltr'><strong><em>in</em></strong></span> <span class='ocrx_word' id='word_1_270' title='bbox 433 4184 569 4284; x_wconf 90' lang='lat' dir='ltr'><strong><em>duplici</em></strong></span> <span class='ocrx_word' id='word_1_271' title='bbox 598 4198 741 4257; x_wconf 89' lang='lat' dir='ltr'><strong><em>exstare</em></strong></span> <span class='ocrx_word' id='word_1_272' title='bbox 767 4185 992 4272; x_wconf 91' lang='lat' dir='ltr'><strong><em>recensione,</em></strong></span> <span class='ocrx_word' id='word_1_273' title='bbox 1016 4185 1053 4258; x_wconf 91' lang='lat' dir='ltr'><strong><em>in</em></strong></span> <span class='ocrx_word' id='word_1_274' title='bbox 1077 4185 1140 4258; x_wconf 92' lang='lat' dir='ltr'><strong><em>illa</em></strong></span> <span class='ocrx_word' id='word_1_275' title='bbox 1162 4211 1306 4283; x_wconf 89' lang='lat' dir='ltr'><strong><em>nempe,</em></strong></span> <span class='ocrx_word' id='word_1_276' title='bbox 1330 4211 1437 4283; x_wconf 92' lang='lat' dir='ltr'><strong><em>quam</em></strong></span> <span class='ocrx_word' id='word_1_277' title='bbox 1460 4211 1526 4258; x_wconf 91' lang='lat' dir='ltr'><strong><em>nos</em></strong></span> <span class='ocrx_word' id='word_1_278' title='bbox 1547 4184 1615 4258; x_wconf 92' lang='lat' dir='ltr'><strong><em>sab</em></strong></span> <span class='ocrx_word' id='word_1_279' title='bbox 1635 4186 1692 4258; x_wconf 89' lang='lat' dir='ltr'><strong><em>lit-</em></strong></span> 
     </span>
     <span class='ocr_line' id='line_1_29' title="bbox 92 4318 1691 4419; baseline -0.001 -27"><span class='ocrx_word' id='word_1_280' title='bbox 92 4320 184 4392; x_wconf 87' lang='lat' dir='ltr'><strong><em>teris</em></strong></span> <span class='ocrx_word' id='word_1_281' title='bbox 208 4321 284 4407; x_wconf 94' lang='lat' dir='ltr'><strong><em>MSl</em></strong></span> <span class='ocrx_word' id='word_1_282' title='bbox 305 4319 533 4419; x_wconf 84' lang='lat' dir='ltr'><strong><em>signavimus</em></strong></span> <span class='ocrx_word' id='word_1_283' title='bbox 557 4331 594 4391; x_wconf 89' lang='lat' dir='ltr'><strong><em>et</em></strong></span> <span class='ocrx_word' id='word_1_284' title='bbox 620 4344 728 4416; x_wconf 90' lang='lat' dir='ltr'><strong><em>quam</em></strong></span> <span class='ocrx_word' id='word_1_285' title='bbox 753 4344 839 4417; x_wconf 89' lang='lat' dir='ltr'><strong><em>prae</em></strong></span> <span class='ocrx_word' id='word_1_286' title='bbox 865 4319 996 4391; x_wconf 89' lang='lat' dir='ltr'><strong><em>ceteris</em></strong></span> <span class='ocrx_word' id='word_1_287' title='bbox 1022 4318 1169 4391; x_wconf 85' lang='lat' dir='ltr'><strong><em>exhibet</em></strong></span> <span class='ocrx_word' id='word_1_288' title='bbox 1196 4320 1320 4392; x_wconf 89' lang='lat' dir='ltr'><strong><em>Codex</em></strong></span> <span class='ocrx_word' id='word_1_289' title='bbox 1339 4321 1424 4392; x_wconf 88' lang='lat' dir='ltr'><strong><em>Vat.</em></strong></span> <span class='ocrx_word' id='word_1_290' title='bbox 1453 4322 1569 4417; x_wconf 91' lang='lat' dir='ltr'><strong><em>Syrus</em></strong></span> <span class='ocrx_word' id='word_1_291' title='bbox 1594 4319 1691 4390; x_wconf 89' lang='lat' dir='ltr'><strong><em>anti-</em></strong></span> 
     </span>
     <span class='ocr_line' id='line_1_30' title="bbox 93 4451 1689 4551; baseline -0.002 -27"><span class='ocrx_word' id='word_1_292' title='bbox 93 4452 294 4550; x_wconf 89' lang='lat' dir='ltr'><strong><em>quissimus</em></strong></span> <span class='ocrx_word' id='word_1_293' title='bbox 318 4454 386 4525; x_wconf 88' lang='grc'><strong>160</strong></span> <span class='ocrx_word' id='word_1_294' title='bbox 406 4465 442 4524; x_wconf 91' lang='lat' dir='ltr'><strong><em>et</em></strong></span> <span class='ocrx_word' id='word_1_295' title='bbox 461 4452 536 4536; x_wconf 92' lang='lat' dir='ltr'><strong><em>illa,</em></strong></span> <span class='ocrx_word' id='word_1_296' title='bbox 561 4477 654 4550; x_wconf 89' lang='lat' dir='ltr'><strong><em>quae</em></strong></span> <span class='ocrx_word' id='word_1_297' title='bbox 675 4451 772 4549; x_wconf 91' lang='lat' dir='ltr'><strong><em>apud</em></strong></span> <span class='ocrx_word' id='word_1_298' title='bbox 799 4477 866 4524; x_wconf 91' lang='lat' dir='ltr'><strong><em>nos</em></strong></span> <span class='ocrx_word' id='word_1_299' title='bbox 891 4464 1016 4524; x_wconf 90' lang='lat' dir='ltr'><strong><em>notata</em></strong></span> <span class='ocrx_word' id='word_1_300' title='bbox 1040 4455 1117 4538; x_wconf 91' lang='lat' dir='ltr'><strong><em>MS,</em></strong></span> <span class='ocrx_word' id='word_1_301' title='bbox 1141 4452 1277 4551; x_wconf 86' lang='lat' dir='ltr'><strong><em>legitur</em></strong></span> <span class='ocrx_word' id='word_1_302' title='bbox 1297 4451 1406 4523; x_wconf 90' lang='lat' dir='ltr'><strong><em>etiam</em></strong></span> <span class='ocrx_word' id='word_1_303' title='bbox 1430 4451 1467 4522; x_wconf 91' lang='lat' dir='ltr'><strong><em>in</em></strong></span> <span class='ocrx_word' id='word_1_304' title='bbox 1490 4451 1580 4523; x_wconf 86' lang='lat' dir='ltr'><strong><em>Cod.</em></strong></span> <span class='ocrx_word' id='word_1_305' title='bbox 1603 4454 1689 4526; x_wconf 90' lang='lat' dir='ltr'><strong><em>Vat.</em></strong></span> 
     </span>
     <span class='ocr_line' id='line_1_31' title="bbox 94 4584 1691 4684; baseline -0.002 -27"><span class='ocrx_word' id='word_1_306' title='bbox 94 4589 189 4684; x_wconf 83' lang='lat' dir='ltr'><strong><em>Syro</em></strong></span> <span class='ocrx_word' id='word_1_307' title='bbox 213 4585 294 4656; x_wconf 90' lang='grc'><strong>161.</strong></span> <span class='ocrx_word' id='word_1_308' title='bbox 319 4585 425 4657; x_wconf 91' lang='lat' dir='ltr'><strong><em>Haud</em></strong></span> <span class='ocrx_word' id='word_1_309' title='bbox 448 4610 564 4683; x_wconf 88' lang='lat' dir='ltr'><strong><em>pauca</em></strong></span> <span class='ocrx_word' id='word_1_310' title='bbox 585 4603 672 4657; x_wconf 84' lang='lat' dir='ltr'><strong><em>vero</em></strong></span> <span class='ocrx_word' id='word_1_311' title='bbox 693 4585 825 4656; x_wconf 86' lang='lat' dir='ltr'><strong><em>dantur</em></strong></span> <span class='ocrx_word' id='word_1_312' title='bbox 849 4584 1002 4670; x_wconf 87' lang='lat' dir='ltr'><strong><em>indicia,</em></strong></span> <span class='ocrx_word' id='word_1_313' title='bbox 1030 4609 1124 4682; x_wconf 92' lang='lat' dir='ltr'><strong><em>quae</em></strong></span> <span class='ocrx_word' id='word_1_314' title='bbox 1147 4585 1298 4657; x_wconf 90' lang='lat' dir='ltr'><strong><em>alteram</em></strong></span> <span class='ocrx_word' id='word_1_315' title='bbox 1323 4584 1415 4657; x_wconf 90' lang='lat' dir='ltr'><strong><em>hanc</em></strong></span> <span class='ocrx_word' id='word_1_316' title='bbox 1439 4584 1691 4656; x_wconf 90' lang='lat' dir='ltr'><strong><em>recensionem</em></strong></span> 
     </span>
     <span class='ocr_line' id='line_1_32' title="bbox 96 4718 654 4791; baseline 0.005 -3"><span class='ocrx_word' id='word_1_317' title='bbox 96 4718 340 4791; x_wconf 89' lang='lat' dir='ltr'><strong><em>recentiorem</em></strong></span> <span class='ocrx_word' id='word_1_318' title='bbox 361 4745 441 4790; x_wconf 88' lang='lat' dir='ltr'><strong><em>esse</em></strong></span> <span class='ocrx_word' id='word_1_319' title='bbox 463 4719 654 4791; x_wconf 87' lang='lat' dir='ltr'><strong><em>suadeant.</em></strong></span> 
     </span>
    </p>

    <p class='ocr_par' dir='ltr' id='par_1_9' title="bbox 96 4849 1696 5082">
     <span class='ocr_line' id='line_1_33' title="bbox 171 4849 1696 4949; baseline -0.001 -28"><span class='ocrx_word' id='word_1_320' title='bbox 171 4854 204 4945; x_wconf 84' lang='lat' dir='ltr'><strong><em>l)</em></strong></span> <span class='ocrx_word' id='word_1_321' title='bbox 231 4852 355 4924; x_wconf 88' lang='lat' dir='ltr'><strong><em>Codex</em></strong></span> <span class='ocrx_word' id='word_1_322' title='bbox 376 4854 409 4924; x_wconf 84' lang='lat' dir='ltr'>V</span> <span class='ocrx_word' id='word_1_323' title='bbox 411 4863 458 4923; x_wconf 89' lang='lat' dir='ltr'><strong><em>at.</em></strong></span> <span class='ocrx_word' id='word_1_324' title='bbox 478 4855 604 4949; x_wconf 61' lang='lat' dir='ltr'><strong><em>&gt;Syrus</em></strong></span> <span class='ocrx_word' id='word_1_325' title='bbox 635 4851 703 4923; x_wconf 89' lang='grc'><strong>160</strong></span> <span class='ocrx_word' id='word_1_326' title='bbox 728 4876 823 4922; x_wconf 90' lang='lat' dir='ltr'><strong><em>anno</em></strong></span> <span class='ocrx_word' id='word_1_327' title='bbox 852 4850 924 4923; x_wconf 84' lang='lat'><strong><em>474</em></strong></span> <span class='ocrx_word' id='word_1_328' title='bbox 948 4862 1120 4923; x_wconf 89' lang='lat' dir='ltr'><strong><em>exaratus</em></strong></span> <span class='ocrx_word' id='word_1_329' title='bbox 1143 4863 1267 4923; x_wconf 88' lang='lat' dir='ltr'><strong><em>tantae</em></strong></span> <span class='ocrx_word' id='word_1_330' title='bbox 1296 4864 1353 4922; x_wconf 91' lang='lat' dir='ltr'><strong><em>est</em></strong></span> <span class='ocrx_word' id='word_1_331' title='bbox 1381 4849 1629 4933; x_wconf 77' lang='lat' dir='ltr'><strong><em>auctoritatiS,</em></strong></span> <span class='ocrx_word' id='word_1_332' title='bbox 1656 4862 1696 4921; x_wconf 90' lang='lat' dir='ltr'><strong><em>at</em></strong></span> 
     </span>
     <span class='ocr_line' id='line_1_34' title="bbox 96 4982 1611 5082; baseline -0.003 -27"><span class='ocrx_word' id='word_1_333' title='bbox 96 5009 179 5056; x_wconf 91' lang='lat' dir='ltr'><strong><em>eam</em></strong></span> <span class='ocrx_word' id='word_1_334' title='bbox 199 4984 493 5081; x_wconf 87' lang='lat' dir='ltr'><strong><em>antiquissimam</em></strong></span> <span class='ocrx_word' id='word_1_335' title='bbox 508 4985 672 5082; x_wconf 75' lang='lat' dir='ltr'><strong><em>Martyrii</em></strong></span> <span class='ocrx_word' id='word_1_336' title='bbox 692 4984 943 5057; x_wconf 91' lang='lat' dir='ltr'><strong><em>recensionem</em></strong></span> <span class='ocrx_word' id='word_1_337' title='bbox 960 4985 1146 5055; x_wconf 90' lang='lat' dir='ltr'><strong><em>continere</em></strong></span> <span class='ocrx_word' id='word_1_338' title='bbox 1165 4983 1294 5054; x_wconf 88' lang='lat' dir='ltr'><strong><em>merito</em></strong></span> <span class='ocrx_word' id='word_1_339' title='bbox 1310 4982 1532 5055; x_wconf 88' lang='lat' dir='ltr'><strong><em>censendum</em></strong></span> <span class='ocrx_word' id='word_1_340' title='bbox 1551 4982 1611 5055; x_wconf 91' lang='lat' dir='ltr'><strong><em>sit.</em></strong></span> 
     </span>
    </p>

    <p class='ocr_par' dir='ltr' id='par_1_10' title="bbox 96 5114 1698 5482">
     <span class='ocr_line' id='line_1_35' title="bbox 169 5114 1697 5216; baseline 0 -29"><span class='ocrx_word' id='word_1_341' title='bbox 169 5119 204 5211; x_wconf 68' lang='lat'><strong><em>2)</em></strong></span> <span class='ocrx_word' id='word_1_342' title='bbox 227 5118 351 5190; x_wconf 88' lang='lat' dir='ltr'><strong><em>Codex</em></strong></span> <span class='ocrx_word' id='word_1_343' title='bbox 369 5120 455 5190; x_wconf 90' lang='lat' dir='ltr'><strong><em>Vat.</em></strong></span> <span class='ocrx_word' id='word_1_344' title='bbox 480 5121 562 5216; x_wconf 84' lang='lat' dir='ltr'><strong><em>Syr.</em></strong></span> <span class='ocrx_word' id='word_1_345' title='bbox 583 5118 648 5189; x_wconf 89' lang='grc'><strong><em>161</em></strong></span> <span class='ocrx_word' id='word_1_346' title='bbox 674 5117 826 5190; x_wconf 89' lang='lat' dir='ltr'><strong><em>alteram</em></strong></span> <span class='ocrx_word' id='word_1_347' title='bbox 847 5117 1097 5190; x_wconf 90' lang='lat' dir='ltr'><strong><em>recensionem</em></strong></span> <span class='ocrx_word' id='word_1_348' title='bbox 1122 5114 1328 5187; x_wconf 90' lang='lat' dir='ltr'><strong><em>collectioni</em></strong></span> <span class='ocrx_word' id='word_1_349' title='bbox 1351 5116 1516 5188; x_wconf 88' lang='lat' dir='ltr'><strong><em>inserens</em></strong></span> <span class='ocrx_word' id='word_1_350' title='bbox 1538 5114 1697 5214; x_wconf 80' lang='lat' dir='ltr'><strong><em>vestigia</em></strong></span> 
     </span>
     <span class='ocr_line' id='line_1_36' title="bbox 96 5246 1698 5348; baseline -0.002 -27"><span class='ocrx_word' id='word_1_351' title='bbox 96 5249 291 5322; x_wconf 86' lang='lat' dir='ltr'><strong><em>manifesta</em></strong></span> <span class='ocrx_word' id='word_1_352' title='bbox 314 5251 436 5348; x_wconf 92' lang='lat' dir='ltr'><strong><em>prodit</em></strong></span> <span class='ocrx_word' id='word_1_353' title='bbox 462 5250 684 5323; x_wconf 90' lang='lat' dir='ltr'><strong><em>redactionis</em></strong></span> <span class='ocrx_word' id='word_1_354' title='bbox 707 5250 940 5338; x_wconf 88' lang='lat' dir='ltr'><strong><em>recentioris;</em></strong></span> <span class='ocrx_word' id='word_1_355' title='bbox 970 5249 1104 5322; x_wconf 91' lang='lat' dir='ltr'><strong><em>etenim</em></strong></span> <span class='ocrx_word' id='word_1_356' title='bbox 1127 5247 1218 5321; x_wconf 91' lang='lat' dir='ltr'><strong><em>actis</em></strong></span> <span class='ocrx_word' id='word_1_357' title='bbox 1244 5251 1282 5321; x_wconf 91' lang='lat' dir='ltr'><strong><em>S.</em></strong></span> <span class='ocrx_word' id='word_1_358' title='bbox 1307 5249 1489 5322; x_wconf 87' lang='lat' dir='ltr'><strong><em>Simeonis</em></strong></span> <span class='ocrx_word' id='word_1_359' title='bbox 1509 5246 1698 5346; x_wconf 89' lang='lat' dir='ltr'><strong><em>praemisit</em></strong></span> 
     </span>
     <span class='ocr_line' id='line_1_37' title="bbox 96 5379 1697 5482; baseline -0.003 -26"><span class='ocrx_word' id='word_1_360' title='bbox 96 5396 240 5482; x_wconf 91' lang='lat' dir='ltr'><strong><em>partem</em></strong></span> <span class='ocrx_word' id='word_1_361' title='bbox 256 5383 556 5457; x_wconf 90' lang='lat' dir='ltr'><strong><em>introductoriam</em></strong></span> <span class='ocrx_word' id='word_1_362' title='bbox 573 5383 616 5456; x_wconf 91' lang='lat' dir='ltr'><strong><em>de</em></strong></span> <span class='ocrx_word' id='word_1_363' title='bbox 633 5383 803 5457; x_wconf 88' lang='lat' dir='ltr'><strong><em>laudibus</em></strong></span> <span class='ocrx_word' id='word_1_364' title='bbox 825 5383 1130 5458; x_wconf 89' lang='lat' dir='ltr'><strong><em>Machabaeorum</em></strong></span> <span class='ocrx_word' id='word_1_365' title='bbox 1144 5394 1316 5482; x_wconf 83' lang='lat' dir='ltr'><strong><em>agentem</em></strong></span> <span class='ocrx_word' id='word_1_366' title='bbox 1336 5407 1487 5482; x_wconf 88' lang='lat' dir='ltr'><strong><em>eamque</em></strong></span> <span class='ocrx_word' id='word_1_367' title='bbox 1507 5379 1697 5454; x_wconf 88' lang='lat' dir='ltr'><strong><em>arbitrarie</em></strong></span> 
     </span>
    </p>
   </div>
   <div class='ocr_carea' id='block_1_7' title="bbox 162 5658 897 5752">
    <p class='ocr_par' dir='ltr' id='par_1_11' title="bbox 162 5658 897 5752">
     <span class='ocr_line' id='line_1_38' title="bbox 162 5658 897 5752; baseline -0.001 -22"><span class='ocrx_word' id='word_1_368' title='bbox 162 5667 172 5706; x_wconf 79' lang='lat'><strong>⁴</strong></span> <span class='ocrx_word' id='word_1_369' title='bbox 191 5666 310 5744; x_wconf 81' lang='lat' dir='ltr'><strong><em>Braun,</em></strong></span> <span class='ocrx_word' id='word_1_370' title='bbox 328 5658 504 5731; x_wconf 84' lang='lat' dir='ltr'><strong><em>Daanch</em></strong></span> <span class='ocrx_word' id='word_1_371' title='bbox 521 5668 581 5730; x_wconf 86' lang='lat' dir='ltr'><strong><em>der·</em></strong></span> <span class='ocrx_word' id='word_1_372' title='bbox 596 5667 781 5748; x_wconf 76' lang='lat' dir='ltr'><strong><em>Spahados‚</em></strong></span> <span class='ocrx_word' id='word_1_373' title='bbox 812 5689 844 5752; x_wconf 88' lang='lat' dir='ltr'><strong><em>p.</em></strong></span> <span class='ocrx_word' id='word_1_374' title='bbox 864 5688 897 5730; x_wconf 87' lang='lat' dir='ltr'><strong><em>rt.</em></strong></span> 
     </span>
    </p>
   </div>
   <div class='ocr_carea' id='block_1_8' title="bbox 0 0 1968 6308">
    <p class='ocr_par' dir='ltr' id='par_1_12' title="bbox 0 0 1968 6308">
     <span class='ocr_line' id='line_1_39' title="bbox 0 0 1968 6308; baseline 0 0"><span class='ocrx_word' id='word_1_375' title='bbox 0 0 1968 6308; x_wconf 95' lang='lat' dir='ltr'><strong><em> </em></strong></span> 
     </span>
    </p>
   </div>
  </div>
 </body>
</html>
