3884 6316
497 357 842 426 APOTELESMATA
864 359 1094 424 APOLLONH
1116 357 1366 422 tunnensis.

665 631 729 702 ΙΙΙ.
757 636 804 702 be
828 632 983 725 operibus
1007 631 1193 723 Apollonii.

212 842 365 916 Unicum
384 841 429 915 de
454 841 554 915 illius
582 842 754 940 operibus
779 842 1030 916 testimonium
1049 842 1187 942 profert
1210 840 1466 914 Philostrates.
1490 837 1604 938 Apud
1625 838 1724 911 Indos

135 990 378 1053 commorans,
400 966 618 1064 Apollonius
636 967 769 1041 dieitur
788 992 872 1040 eum
891 967 1056 1067 sapiente
1080 967 1208 1040 lancha
1226 964 1510 1065 philosophatus
1534 976 1573 1037 et
1599 962 1720 1036 exinde

134 1090 257 1190 plures
278 1089 392 1164 libros
411 1091 681 1190 composuisse⁴
703 1119 711 1161 :

205 1217 271 1297 Τὰς
297 1213 332 1286 δέ
361 1221 550 1314 ἀπορρήτους
576 1212 710 1299 σπουδὰς
732 1217 780 1300 αἷς
812 1219 1000 1315 ἀστρικήνή
1030 1219 1174 1315 μαντείαν
1202 1221 1361 1287 κατενόουν
1386 1224 1438 1286 καὶ
1464 1223 1523 1293 τήν
1556 1220 1718 1311 πρόγνωσιν

134 1336 333 1427 ἐσπούδαζον,
358 1346 469 1412 θυσιῶν
492 1372 527 1412 τε
549 1345 701 1425 ήπτοντο,
722 1352 774 1413 καὶ
796 1349 947 1432 κλήσεων,
968 1342 1017 1425 αἷς
1038 1344 1100 1413 θιοὶ
1126 1353 1275 1440 χαίρουσι,
1294 1344 1382 1438 μόνον
1402 1348 1492 1436 pacis
1516 1348 1532 1409 b
1554 1344 1658 1433 Δάμις
1676 1340 1720 1405 τὸν

141 1469 345 1536 Ἀπολλώνιον
369 1464 604 1563 ξυμριλοσορεῖν
628 1482 674 1557 τῷ
705 1470 826 1565 Ἰοίρχᾳ,
848 1471 901 1538 καὶ
923 1469 1095 1565 ξυγγράψαι
1117 1472 1172 1563 μέν
1197 1470 1310 1537 ἐκεῖθεν
1332 1466 1401 1562 περὶ
1424 1464 1577 1561 μαντείας
1597 1467 1721 1559 ἀστέρων

136 1587 262 1677 βίύλους
284 1592 462 1687 τέτταρας’
480 1589 521 1659 ὦν
542 1593 594 1661 καὶ
617 1595 809 1690 Μοιραγένης
834 1596 1018 1688 ἐπεμνήσθη,
1044 1593 1220 1689 ξυγγράψαι
1246 1587 1281 1662 δὲ
1305 1591 1374 1688 περὶ
1400 1593 1521 1677 θυσιιῖιν,
1547 1598 1600 1658 καὶ
1626 1596 1664 1667 ὡς
1688 1594 1719 1655 έν

135 1743 185 1795 τις
207 1717 328 1803 ἑκάστῳ
359 1718 418 1803 θεῷ
446 1722 623 1812 προσρόρως
648 1745 682 1786 τε
707 1725 761 1788 καὶ
785 1726 1006 1814 κεχαρισμένως
1027 1721 1104 1787 θύοι.
1132 1717 1182 1787 Τὰ
1208 1720 1264 1812 μὲν
1287 1713 1327 1794 δή
1348 1727 1409 1785 τῶν
1432 1719 1586 1810 ἀστέρων,
1605 1721 1655 1781 καὶ
1674 1718 1720 1785 τίν

133 1843 281 1917 τοιαύτην
306 1847 453 1934 μαντικήν
475 1854 591 1930 πῖισοιν,
612 1846 684 1937 ὑπὲρ
709 1847 766 1919 τήν
792 1845 979 1938 ἀνθρωπείαν
1001 1851 1134 1938 ήγοῦμαι
1160 1849 1262 1938 φύσιν,
1287 1842 1342 1912 καὶ
1365 1834 1430 1910 otb'
1454 1840 1481 1909 εἰ
1507 1842 1663 1913 κέκτηταί
1681 1863 1719 1914 τις

133 1957 215 2032 οἶδα·
238 1968 274 2033 τὸ
297 1958 332 2033 δὲ
350 1967 419 2060 περὶ
438 1970 548 2036 θυσιῶν
570 1972 599 2036 ἐν
619 1976 746 2046 πολλοῖς
770 1971 856 2062 ἱεροῖς
879 1969 974 2063 οὖρον,
997 1973 1025 2037 έν
1046 1975 1180 2048 πολλαῖς
1201 1996 1235 2036 τι
1260 1973 1382 2054 πολεσι,
1397 1971 1528 2043 πολλοῖς
1552 1990 1590 2032 τι
1616 1956 1719 2056 ἀνδρῶν

135 2105 235 2182 σοφῶν
259 2099 360 2169 οἴκοις·
390 2092 442 2159 καὶ
468 2090 499 2160 τί
525 2089 561 2159 οἷν
587 2119 634 2173 τις
662 2096 815 2187 έρμηνεύοι
844 2097 935 2178 αὐτὸ,
961 2104 1078 2187 σεμνῶς
1104 2087 1359 2187 ξυντεταγμένον,
1386 2098 1438 2159 καὶ
1467 2088 1552 2158 κατὰ
1579 2091 1637 2164 τήν
1662 2090 1718 2177 ripis

134 2223 189 2280 τοῦ
214 2206 336 2307 ἀνθρύςς
355 2217 442 2290 Φησὶ
466 2210 499 2285 bi
523 2224 540 2285 ὁ
560 2221 659 2312 Δάμις
684 2218 739 2286 καὶ
762 2213 945 2297 δακτυλίους
967 2222 1048 2287 ἑπτὰ
1075 2221 1127 2285 τὸν
1157 2218 1280 2312 ’lippus
1310 2227 1357 2303 τῷ
1386 2212 1595 2300 Ἀπολλωνίῳ
1624 2206 1719 2282 δοῦντι

134 2353 198 2405 τῶν
217 2337 296 2408 ἑπτὰ
315 2343 486 2434 ἐπωνύμους
503 2344 652 2435 ἀστέρων.

212 2465 329 2532 Verum
345 2487 493 2533 arcanas
515 2488 625 2546 cieras,
640 2489 704 2557 per
721 2490 806 2558 qam
821 2467 1041 2557 astroioqiam
1064 2477 1096 2536 et
1113 2466 1299 2536 divinandi
1312 2465 1475 2559 peritiam
1497 2463 1720 2556 inquirebant.

132 2609 306 2656 sacrorum
322 2600 499 2679 praetereo
521 2590 665 2659 studiosi
687 2602 719 2659 et
737 2590 1006 2682 appellationum
1026 2614 1111 2683 qnos
1137 2590 1205 2661 diis
1219 2589 1438 2681 qratissimas
1455 2610 1528 2658 esse
1550 2597 1719 2659 rroocrant.

133 2713 291 2780 Iorcbam
317 2736 393 2783 eum
417 2713 486 2784 solo
512 2715 690 2806 Apollonio
716 2716 981 2785 communicasse
1011 2720 1113 2806 refert
1138 2717 1256 2784 Damis
1277 2739 1288 2784 .·
1312 2716 1362 2784 ita
1387 2713 1529 2783 atinde
1553 2712 1721 2804 diqressus

132 2836 333 2927 Apollonius
346 2837 386 2907 de
400 2838 604 2930 astroioqica
618 2839 830 2910 divinatione
850 2839 952 2910 libros
966 2850 1113 2933 quatuor
1130 2838 1340 2930 scripserit²‚
1357 2860 1499 2931 quorum
1516 2840 1726 2928 Moeroqmes

132 2961 299 3030 meminit.
324 2961 467 3053 Scripsit
488 2964 592 3033 etiam
616 2963 656 3033 de
678 2963 858 3053 sacrificiis
882 2964 985 3034 libros
999 2964 1028 3046 ³,
1052 2986 1117 3055 quo
1135 2974 1236 3056 pacto
1258 2962 1409 3053 sinpuiis
1431 2961 1500 3031 diis
1523 2962 1726 3053 sacrifican-

31 3179 34 3183 .
132 3084 214 3153 ditm
232 3087 289 3168 sit,
307 3109 432 3177 quaene
454 3087 700 3157 secretalibus
720 3089 788 3159 diis
806 3088 883 3158 ¹sint
901 3089 1148 3180 acceptissima.
1169 3088 1234 3158 Sed
1252 3111 1312 3179 eqo
1333 3097 1503 3157 astrorum
1526 3088 1723 3159 scientiam.

131 3218 232 3301 atque
257 3209 358 3280 toiem
380 3210 564 3281 diuinandi
589 3222 697 3282 artem
722 3235 865 3294 omnem,
894 3215 1066 3283 irumanae
1087 3223 1235 3282 naturae
1260 3222 1367 3282 metas
1391 3210 1553 3280 secedere
1575 3221 1675 3302 puto,
1702 3221 1730 3279 et

132 3342 247 3402 utrum
267 3334 438 3426 quispiam
463 3358 538 3405 uere
563 3336 673 3428 ipsam
701 3339 844 3419 nouerit,
868 3338 990 3407 nescio.
1012 3340 1059 3406 De
1081 3337 1261 3429 sacrificiis
1286 3347 1400 3406 autem
1424 3335 1596 3426 faciendis
1623 3336 1727 3405 marita

131 3457 258 3549 scripto
284 3460 320 3526 in
338 3459 512 3551 plerisque
537 3461 671 3552 templis
698 3463 823 3541 interii,
856 3485 914 3532 nec
940 3486 1007 3531 non
1028 3461 1164 3553 publice
1188 3464 1226 3532 in
1253 3460 1448 3531 ciuitatibus
1475 3460 1612 3551 aliquot
1639 3470 1671 3528 et
1697 3461 1730 3529 in

132 3582 340 3673 sapientium
358 3583 511 3653 virorum
532 3587 681 3676 privatis
699 3586 853 3655 domibus
872 3587 999 3656 inueni.
1025 3588 1144 3656 Verum
1162 3585 1240 3679 qais
1260 3608 1301 3655 ea
1325 3595 1412 3654 certo
1430 3595 1542 3675 posset
1566 3583 1732 3675 interpre-

134 3706 213 3789 tari,
245 3730 332 3798 quac
359 3731 493 3779 summo
524 3731 600 3778 cum
629 3708 833 3803 (pror-itate)
861 3710 1091 3802 [acritudinque
1120 3733 1142 3779 a
1171 3709 1324 3802 sapiente
1350 3711 1423 3779 oiro
1455 3704 1725 3799 scriptosunt?

131 3831 256 3900 Scribit
283 3843 461 3923 praeterea
490 3835 607 3904 Domis
640 3836 798 3904 [arebam
826 3845 949 3927 septem
980 3835 1129 3904 annulos
1160 3833 1340 3925 Apollonio
1371 3831 1516 3913 dedisse,
1546 3832 1728 3901 stellarum

132 3965 254 4046 septem
274 3957 467 4027 nominibus
489 3958 669 4049 insiqnitos
682 3958 743 4029 ⁴...

130 4155 251 4236 sabiiia
273 4156 431 4239 abrogent
450 4156 551 4239 fidem
573 4159 727 4235 validius,
749 4181 793 4219 an
822 4160 929 4222 latina
955 4160 1139 4243 inopinata,
1164 4172 1307 4242 atquae
1335 4157 1479 4221 ridicula
1508 4156 1621 4220 uideri
1648 4161 1731 4241 cogit

132 4263 274 4341 animus,
295 4283 425 4344 semper
442 4263 573 4346 aliquid
588 4266 781 4328 immensum
802 4280 1009 4348 exspectans,
1028 4288 1069 4328 ac
1094 4266 1230 4350 dignum
1250 4264 1320 4329 Deo
1338 4264 1508 4342 mouendo,
1524 4267 1628 4327 immo
1649 4284 1721 4327 raro

133 4366 223 4450 qnod
236 4371 366 4432 numini
377 4372 552 4453 imperet...
569 4398 583 4427 ν
597 4370 682 4433 Hist.
697 4370 789 4450 Nat,
805 4394 920 4447 xxvin,
935 4377 965 4434 t.

196 4481 221 4535 1.
238 4475 289 4537 ed.
303 4475 339 4539 F.
351 4473 517 4552 Morellus,
529 4477 673 4551 Parisiis,
688 4483 776 4541 1608.
787 4500 835 4554 ιιι,
853 4486 901 4541 13.
914 4477 973 4542 Ed.
987 4479 1024 4542 C.
1037 4479 1071 4542 b.
1087 4479 1222 4562 Kayser,
1234 4479 1374 4562 Lipsiae,
1388 4483 1476 4553 1870,
1490 4500 1540 4553 ιιι,
1551 4482 1602 4554 bt,
1612 4499 1646 4561 p.
1661 4484 1725 4540 1111,

193 4589 221 4643 2.
246 4581 334 4644 Libri
348 4581 395 4644 illi
407 4603 471 4647 non
483 4592 558 4646 sunt
576 4584 694 4646 servati
714 4584 860 4668 inopere
880 4585 930 4648 cui
945 4585 1058 4648 titulus
1074 4607 1082 4648 :
1099 4585 1145 4649 Le
1166 4587 1248 4650 livre
1266 4584 1312 4647 du
1332 4597 1438 4649 secret
1455 4584 1498 4648 da
1516 4585 1553 4647 ia
1574 4584 1725 4647 are'auare

129 4710 197 4771 par
211 4690 241 4751 le
254 4709 334 4773 saga
351 4689 510 4752 Bdb'nous
526 4690 727 4773 (Apollonius
746 4691 786 4754 de
806 4690 937 4774 Tyane).
956 4691 1006 4755 ct.
1023 4691 1156 4758 Notiees
1175 4706 1206 4756 et
1222 4694 1362 4756 extruite
1379 4688 1438 4755 dea
1458 4693 1664 4755 mansoriis
1682 4690 1721 4752 de

131 4797 166 4856 Ia
182 4794 409 4879 Bibliotibqac
422 4795 612 4876 Nationaie,
631 4807 654 4860 t.
672 4796 726 4873 IV,
745 4819 778 4880 p.
799 4804 867 4874 107,
884 4800 939 4882 qui
958 4799 1038 4861 nihil
1057 4799 1200 4863 continet·
1216 4798 1258 4861 de
1276 4798 1413 4862 oraculo
1433 4810 1618 4861 astrorum.
1634 4796 1720 4861 Alio·

133 4902 210 4984 quin
230 4903 408 4967 invenimus
425 4904 589 4987 antiquam
605 4904 783 4967 versionem
802 4905 935 4968 latinam
956 4905 1052 4969 huius
1070 4905 1179 4989 operis
1198 4906 1230 4967 in
1250 4926 1310 4969 ms.
1329 4905 1386 4969 lat.
1406 4904 1586 4967 1495tst1b
1605 4904 1720 4968 titulo:

131 5008 229 5070 Liber
247 5007 418 5091 Apollonii
438 5009 479 5072 de
496 5015 631 5075 secretis
649 5025 792 5074 naturae
809 5024 841 5076 et
863 5014 998 5076 occultis
1022 5033 1133 5075 rerum
1158 5015 1280 5092 σαιισίε,
1301 5012 1451 5097 Hugonia
1468 5010 1718 5075 Sancteiiienris

9 5164 14 5171 .
132 5116 318 5178 translatio.
335 5116 384 5179 De
396 5117 457 5179 hoc
474 5136 582 5200 opere,
599 5139 617 5181 a
630 5120 792 5201 praesenti
804 5119 899 5202 plano
911 5119 1050 5199 diverso,
1065 5119 1142 5183 alibi
1158 5118 1261 5183 fusius
1275 5117 1499 5183 tractabimus.

191 5226 221 5283 3.
238 5222 417 5303 Quemdam
432 5223 546 5286 horum
561 5224 641 5288 vidit
656 5225 814 5289 Eusebius
826 5226 881 5309 qui
896 5247 1028 5310 parvam
1044 5226 1130 5289 illius
1145 5236 1270 5311 partem
1283 5225 1388 5290 otiari.
1402 5224 1452 5289 Cf.
1468 5222 1599 5310 Praep.
1611 5225 1672 5289 Ec.
1687 5246 1726 5288 ιν.

134 5335 185 5403 12;
210 5328 251 5390 P.
274 5328 313 5391 G.
341 5339 364 5394 t.
388 5329 555 5405 xx1,001.
581 5334 651 5393 260.
674 5330 760 5395 Nihil
786 5342 930 5395 remanet
955 5342 1108 5396 contras
1131 5331 1350 5408 Testamenta,
1373 5330 1438 5395 rita
1461 5328 1676 5419 Pythagorae
1696 5340 1726 5395 et

130 5435 250 5517 hymno
266 5435 449 5511 memoriae,
464 5457 545 5520 quae
561 5437 744 5501 tribuuntur
756 5459 776 5501 a
790 5439 985 5522 quibusdam
1000 5439 1184 5522 Apollonio.

191 5545 220 5604 4.
237 5541 418 5605 Notandum
437 5552 488 5606 est
506 5542 711 5626 Apollonium
730 5545 790 5609 hos
809 5545 911 5610 libros
928 5546 1150 5629 composuisse
1164 5565 1237 5611 oum
1254 5545 1377 5611 lamba.
1391 5544 1514 5611 Debuit
1528 5546 1635 5611 etiarn
1658 5546 1732 5613 aiibi
