3884 6316
614 384 671 447 DE
693 385 1022 451 PERSECUTlONH
1047 384 1242 451 SAPORlS.
1671 400 1727 459 707

207 574 386 646 Recensio
407 573 575 645 nimirum
599 574 713 646 altera
733 585 857 647 narrat
878 577 916 650 S.
935 574 1143 650 Simeonem
1163 601 1184 648 a
1204 600 1292 676 rege
1311 578 1468 652 accitum
1488 604 1584 668 esse,
1601 594 1642 655 ut
1660 583 1727 654 tri-

130 705 258 779 butdm
279 706 414 805 duplex
433 732 453 778 a
472 706 692 780 Christianis
710 707 875 807 exigeret
894 721 931 781 et
947 708 1028 809 regi
1049 709 1209 783 offerret.
1231 709 1325 782 Aliis
1343 711 1467 784 verbis
1489 741 1497 785 :
1526 717 1642 813 Sapor
1665 740 1729 788 rex

130 840 338 913 Simeonem
359 840 469 912 simili
490 839 670 939 dignitate
691 841 870 915 honorare
890 828 1019 928 voluit,
1037 867 1109 940 qua
1125 849 1220 927 ansts
1240 874 1299 926 nm
1319 844 1490 945 princeps
1511 847 1728 921 ludaeorum

129 974 225 1047 inter
251 974 448 1072 populares
475 998 562 1047 suos
590 974 626 1045 iu
655 974 803 1048 Perside
829 974 994 1048 viventes
1019 975 1199 1074 pollebat,
1224 1001 1377 1074 sperans
1406 980 1633 1053 exactionem
1660 982 1729 1054 tri-

129 1106 302 1180 butorum
324 1107 392 1180 hac
415 1107 555 1180 ratione
579 1107 780 1180 faciliorem
803 1108 881 1181 fore
906 1119 1014 1207 atque
1038 1108 1242 1207 periculum
1266 1107 1478 1184 rebellionis
1498 1112 1728 1186 Christiano-

130 1265 210 1312 rum
229 1240 395 1326 diminui,
415 1240 445 1312 si
466 1265 540 1313 non
559 1240 767 1315 immediate
787 1267 809 1315 a
829 1265 883 1326 se,
904 1241 970 1314 sed
989 1265 1010 1313 a
1029 1242 1239 1340 praeposito
1259 1241 1330 1314 sibi
1351 1244 1524 1342 episcopo
1544 1246 1728 1344 exspolia-

129 1387 267 1446 rentur.
284 1376 363 1447 Hoc
383 1387 505 1447 autem
525 1399 570 1447 ex
584 1375 664 1472 ipsa
681 1374 836 1473 epistola
851 1373 1061 1473 apocrypha
1074 1376 1112 1447 S.
1125 1373 1286 1448 Simeoni
1303 1375 1479 1449 attributa
1495 1377 1727 1451 manifestum
1748 1392 1750 1394 ’

130 1520 203 1593 est;
226 1505 340 1580 verba
359 1507 455 1580 euim
478 1535 485 1577 :
508 1521 711 1603 quapropter
730 1511 920 1581 dominium
942 1511 1149 1603 collegarum
1174 1521 1365 1581 nostrorum
1394 1535 1608 1606 nequaquam
1627 1538 1728 1585 ossu-

129 1643 265 1726 nu'mus,
291 1640 371 1713 sine
390 1640 538 1740 praevia
565 1641 634 1713 bac
657 1640 873 1715 invitatione
895 1641 1009 1741 Regis
1031 1642 1077 1714 ed
1099 1640 1239 1714 tributa
1264 1642 1472 1742 colligenda
1499 1669 1728 1743 nequaquam

127 1772 398 1873 intelliguntur.
415 1774 480 1846 His
496 1786 618 1847 autem
633 1773 725 1873 ipsis
740 1773 862 1847 verbis
876 1774 1091 1874 compilator
1105 1774 1326 1847 narrationis
1342 1778 1417 1865 Ms,
1434 1789 1490 1850 sat
1508 1791 1632 1876 aperte
1648 1803 1729 1876 pro·

128 1906 181 1979 dit
202 1931 242 1979 se
263 1907 456 2004 epistolam
476 1907 577 1979 illam
596 1908 719 2006 inepte
739 1908 980 2005 concoquisse
1001 1933 1020 1981 e
1041 1907 1208 2008 longiore
1229 1907 1405 1982 relatione
1424 1923 1577 1984 eventus
1596 1911 1725 1994 totius,

129 2064 237 2137 quem
261 2039 453 2113 arbitrarie
480 2039 518 2113 in
547 2039 803 2139 compendium
828 2040 985 2140 redegit.
1008 2041 1109 2114 Idem
1131 2040 1231 2144 valet
1255 2041 1300 2114 de
1329 2040 1451 2115 verbis
1479 2042 1728 2117 adtributum

128 2172 408 2270 pertinentibus.
433 2173 466 2244 Α
490 2173 602 2272 priori
629 2173 857 2272 impossibile
882 2186 939 2246 est
962 2173 1193 2247 Christianos
1220 2172 1350 2247 ditioni
1370 2175 1539 2248 Persicae
1559 2175 1727 2250 subditos

129 2306 358 2380 immunitate
385 2332 406 2378 a
429 2306 577 2381 tributis
599 2332 760 2406 unquam
780 2306 930 2407 gavisos
953 2331 1054 2394 esse,
1076 2308 1294 2405 protestatio
1314 2306 1466 2404 proinde
1491 2308 1673 2382 Simeonis
1696 2310 1726 2382 si

130 2439 346 2538 simpliciter
364 2443 404 2512 de
423 2443 559 2513 tributis
578 2441 715 2540 agitur,
738 2453 838 2513 caret
858 2465 983 2523 sensu,
1007 2451 1070 2512 aut
1088 2464 1175 2512 vero
1194 2452 1319 2513 tantae
1342 2438 1521 2514 fatuitatis
1542 2454 1611 2526 est,
1634 2467 1727 2540 quae

129 2572 281 2645 effectus
315 2573 500 2646 actionum
530 2599 612 2646 cum
645 2573 947 2673 praecipitatione
981 2571 1260 2645 commissorum
1292 2597 1447 2671 pensare
1481 2586 1651 2672 nequeat.
1689 2574 1728 2647 Si

130 2705 226 2778 enim
243 2708 280 2779 S.
301 2706 450 2780 Simeon
472 2706 665 2806 epistolam
683 2706 784 2779 illam
804 2695 932 2804 reapse
952 2705 1032 2803 regi
1047 2705 1223 2793 misisset,
1246 2704 1382 2804 dignus
1396 2719 1494 2779 esset
1512 2732 1585 2780 uon
1605 2707 1667 2805 qui
1687 2720 1728 2778 ut

131 2852 281 2913 sauctus
306 2840 487 2914 coleretur
509 2840 575 2913 sed
599 2841 660 2939 qui
684 2852 811 2939 utpote
836 2840 946 2912 homo
968 2863 1127 2912 vesanus
1151 2839 1189 2911 in
1213 2820 1354 2944 &ihm
1381 2838 1418 2911 in
1440 2838 1522 2913 loco
1545 2839 1727 2913 fatuorum

131 2972 385 3047 collocaretur.
405 2974 476 3069 Qui
499 2975 595 3048 enim
617 2973 696 3046 fieri
715 2986 839 3072 potest
857 2984 899 3045 ut
915 2971 984 3060 vir,
999 2971 1100 3046 velut
1120 2974 1159 3045 S.
1183 2971 1344 3068 Simeon,
1362 2971 1425 3070 qui
1445 2971 1604 3046 testibus
1623 2972 1727 3046 Actis

130 3106 292 3179 amicitia
319 3107 419 3207 regis
445 3106 648 3194 fruebatur,
672 3106 898 3205 perpendere
924 3117 1084 3203 nequeat
1108 3130 1147 3178 se
1174 3104 1327 3178 rudibus
1350 3104 1427 3178 suis
1452 3105 1575 3178 verbis
1601 3130 1726 3204 regem

128 3240 352 3313 offensurum
366 3265 449 3314 esse
465 3253 574 3338 atque
588 3239 705 3313 sibiet
717 3239 887 3312 omnibus
904 3237 1125 3312 Christianis
1141 3237 1293 3311 exitium
1307 3240 1543 3336 paraturum?
1556 3240 1727 3312 Ceterum

128 3373 452 3472 ignorantissimus
474 3372 691 3473 compilator
711 3375 788 3460 MSl
806 3397 847 3445 se
870 3373 1035 3471 ineptum
1059 3394 1141 3444 esse
1164 3383 1274 3469 atque
1300 3370 1337 3443 in
1364 3396 1486 3444 rerum
1513 3383 1549 3444 et
1569 3371 1727 3444 circum-

128 3506 345 3579 stantiarum
365 3506 577 3606 cognitione
597 3532 726 3605 parum
744 3518 931 3579 versatum
950 3503 1057 3577 aliter
1075 3529 1221 3603 quoque
1240 3503 1464 3578 manifestat.

201 3643 243 3713 lu
261 3642 338 3728 MS,
354 3640 450 3714 enim
466 3640 600 3739 triplex
618 3639 787 3713 nuntium
802 3638 902 3738 regis
923 3637 969 3710 ad
985 3637 1194 3711 Praefectos
1209 3641 1276 3711 Bet
1290 3640 1473 3736 Aramaye
1488 3636 1513 3709 i.
1528 3661 1561 3710 e.
1579 3620 1727 3743 “qb-,y-

129 3772 382 3873 distinguitur.
414 3773 551 3846 Nuntio
578 3772 695 3872 primo
724 3770 905 3845 Praefecti
927 3770 1104 3868 jubentur
1124 3773 1163 3844 S.
1187 3770 1394 3844 Simeonem
1417 3770 1727 3869 comprehendere

128 3920 162 3979 et
181 3906 323 3979 tamdiu
341 3919 481 3994 tenere,
501 3906 618 3979 donec
632 3904 822 4005 promittat
841 3930 881 3978 se
901 3901 1080 3977 tributum
1105 3903 1240 4002 duplex
1262 3903 1357 4002 Regi
1384 3902 1630 3977 exhibiturum
1650 3916 1686 3976 et
1706 3929 1727 3976 a

128 4039 346 4114 Christianis
367 4039 620 4114 collecturum.

128 4381 347 4460 opinationem
366 4378 554 4460 improbare
568 4389 700 4438 coactus
717 4377 845 4456 suisset.
859 4373 1018 4438 Nostrum
1034 4374 1145 4454 itaque
1163 4383 1226 4446 est,
1241 4392 1340 4453 quum
1355 4370 1528 4433 laudatam
1541 4371 1724 4453 Epistolam

128 4488 160 4546 in
173 4485 387 4566 Praefationc
403 4484 501 4546 liuius
518 4486 626 4566 operis
645 4483 824 4565 genuinum
845 4481 963 4544 Sancti
980 4479 1153 4545 Simeonis¹
1161 4480 1286 4560 foetum
1304 4479 1371 4537 iam
1393 4477 1723 4560 comprobaverimus,

128 4594 233 4674 r'prsam
249 4589 359 4653 itidem
374 4591 417 4652 ab
433 4593 523 4652 omni
533 4609 693 4651 censurae
705 4588 779 4651 labe
794 4586 972 4650 vindicare.
991 4612 1005 4642 1>

184 4698 280 4760 Ratio
295 4707 414 4772 tamen,
430 4718 493 4780 qua
506 4694 753 4758 vindicationem
771 4694 866 4755 istam
886 4692 1068 4776 ingreditur
1086 4701 1137 4754 sat
1151 4691 1327 4776 singularis
1345 4699 1404 4753 est.
1421 4689 1469 4751 Ex
1482 4690 1586 4752 effatis
1604 4691 1727 4753 scilicet

127 4816 254 4888 patrum
268 4804 407 4887 probare
419 4803 532 4865 nititur
547 4802 582 4865 S.
596 4801 765 4874 Hilarium,
781 4799 1023 4882 Hieronymum,
1035 4798 1256 4881 Augustinum
1271 4796 1406 4860 eandem
1419 4796 1596 4859 doctrinam
1612 4796 1650 4858 de
1665 4796 1725 4857 im·

128 4913 281 4974 munitate
303 4910 468 4973 Ecclesiae
492 4913 565 4971 iure
590 4908 698 4971 divino
720 4907 874 4969 tenuisse.
896 4906 939 4968 At
963 4914 1073 4967 contra
1099 4904 1328 4967 advertendum
1354 4912 1414 4979 est,
1436 4903 1519 4965 hano
1547 4903 1724 4965 doctrinam

128 5018 255 5081 saeculo
269 5017 310 5080 lV
324 5027 427 5079 ortam
440 5037 524 5091 esse,
539 5015 666 5099 quando
682 5013 826 5076 Ecclesia
839 5011 1039 5095 principibus
1056 5010 1235 5073 faventibus
1254 5011 1352 5073 variis
1366 5009 1546 5094 privilegiis
1565 5008 1726 5072 cumulata

128 5135 184 5201 est,
203 5133 316 5187 contra
334 5123 531 5207 antiquiores
551 5121 679 5185 saeculo
699 5120 742 5184 lv
761 5129 871 5203 patres
892 5117 947 5202 qui
967 5117 1000 5179 in
1019 5116 1201 5179 conditione
1223 5117 1321 5179 simili
1343 5137 1415 5178 cum
1438 5116 1622 5179 christianis
1646 5115 1725 5178 Per-

128 5232 170 5294 sis
194 5231 415 5304 versabantur,
443 5229 621 5291 doctrinam
650 5228 745 5289 istam
767 5226 976 5310 ignorabant;
1006 5244 1104 5307 porro
1131 5223 1229 5286 verba
1262 5223 1448 5304 Hieronymi
1481 5223 1522 5285 ab
1553 5217 1723 5285 Assemani

129 5339 221 5401 citata
244 5337 411 5399 manifeste
428 5356 491 5397 non
507 5334 727 5419 quaestionem
746 5336 839 5407 iuris,
858 5330 914 5394 sed
930 5333 1017 5413 sacti
1034 5329 1228 5412 respiciunt3
1246 5328 1325 5392 dicit
1342 5329 1426 5392 enim
1448 5349 1456 5390 ι
1476 5328 1568 5412 Ergo
1588 5328 1721 5405 tributa,

129 5447 224 5526 quasi
241 5464 353 5526 regum
370 5444 462 5525 filius
482 5464 547 5504 non
566 5441 712 5517 debebat,
729 5438 789 5503 sed
806 5442 865 5521 qui
880 5437 1098 5499 numilitatem
1114 5440 1226 5498 carnis
1240 5447 1475 5518 assumpserat,
1492 5434 1602 5496 debuit
1616 5432 1724 5496 adim·

126 5554 216 5630 plere
237 5571 365 5613 omnem
390 5552 548 5612 iustitiam
568 5571 579 5610 .·
599 5568 658 5609 nos
681 5549 839 5629 infelices,
859 5547 919 5627 qui
938 5543 1064 5606 cansa
1085 5562 1259 5604 censemur
1278 5545 1408 5604 nomine
1431 5554 1462 5604 et
1485 5542 1568 5602 nibil
1589 5540 1721 5623 dignum

130 5668 219 5719 tanta
231 5660 378 5740 facimus
392 5659 574 5729 maiestate,
590 5655 647 5717 ille
660 5676 725 5736 pro
741 5653 833 5714 nobis
848 5663 880 5714 et
899 5671 1028 5713 crucem
1047 5649 1181 5712 sustulit
1200 5660 1231 5712 et
1248 5650 1370 5712 tributa
1388 5646 1533 5711 reddidit
1552 5667 1563 5708 .·
1584 5667 1645 5708 nos
1656 5667 1724 5729 pro
