3884 6316
270 403 326 465 DE
349 401 623 465 ARGUMENTO
645 402 700 465 ET
722 401 874 468 blUTUA
897 402 1143 467 RELATIONE
1166 401 1485 468 RECENSIONUM.
1617 407 1675 465 685

81 590 179 662 hunc
204 590 358 663 alterum
384 615 574 688 perperam
604 591 768 663 confudit
787 616 869 662 cum
894 591 1076 664 rhetorica
1102 590 1371 663 introductione
1398 593 1474 678 MS,
1496 591 1539 662 de
1560 591 1678 690 gloria

81 697 407 808 blachabaeorum3
424 724 513 795 haee
528 723 623 794 enim
638 723 860 796 introductio
877 749 962 822 pars
983 722 1175 823 integralis
1190 723 1368 796 esttotius
1384 723 1549 821 Martyrii
1564 726 1600 796 S.
1619 723 1679 796 Si-

78 856 234 941 meonis,
254 857 351 954 quod
374 856 445 927 iam
470 856 600 927 exinde
620 855 747 954 liquet,
767 856 865 953 quod
887 868 1014 929 auctor
1033 855 1179 954 incepta
1198 868 1301 953 parte
1320 856 1493 929 historica
1513 857 1678 954 Martyrii

77 1001 165 1086 post
178 988 289 1060 verba
311 1017 329 1058 a
351 1012 443 1059 anno
465 990 533 1061 117
552 992 652 1083 regni
675 995 857 1061 Persarum
882 1016 900 1058 a
923 1002 1009 1073 etc.,
1033 988 1080 1060 ad
1100 989 1285 1061 Simonem
1304 988 1565 1061 Machabaeum
1585 989 1679 1061 redit

78 1146 236 1219 eumque
252 1121 371 1194 denuo
388 1146 469 1192 cum
487 1121 656 1193 Simeone
676 1120 742 1193 bar
762 1120 920 1194 Sabba'e
941 1134 1139 1220 comparat.

154 1253 383 1326 Vocabulum
409 1261 477 1322 stt·
506 1253 748 1337 «distinctio,
775 1253 955 1350 expositio
984 1282 1002 1324 a
1029 1254 1067 1325 in
1092 1253 1329 1352 inscriptione
1354 1254 1476 1351 operis
1497 1254 1678 1352 duplicem

79 1387 242 1459 admittit
263 1411 412 1459 sensum
437 1398 526 1458 :aut
547 1387 719 1485 designat
738 1386 897 1484 aliquam
916 1389 1160 1481 expositionem
1182 1386 1388 1484 generalem
1411 1387 1456 1459 de
1479 1387 1607 1484 poenis
1628 1391 1679 1458 di·

77 1524 186 1591 rersis
206 1519 484 1617 tormentisque,
503 1544 596 1617 quae
616 1531 796 1618 martyres
813 1518 1016 1606 subierunt,
1035 1531 1099 1591 aut
1116 1519 1161 1591 de
1182 1518 1405 1617 martyribus
1425 1523 1566 1591 dirersis
1584 1520 1675 1618 agit,

79 1653 144 1750 qui
165 1678 207 1725 ea
226 1653 391 1750 perpessi
412 1664 509 1724 sunt.
529 1656 570 1723 lu
590 1677 677 1723 casu
697 1652 813 1750 primo
834 1652 927 1724 alius
950 1677 1070 1725 sermo
1091 1676 1112 1723 a
1131 1651 1248 1749 primo
1268 1653 1493 1751 panegyrico
1513 1652 1679 1724 diversus

79 1786 120 1856 in
135 1785 349 1858 collectione
370 1786 450 1882 ipsa
478 1785 634 1857 existere
659 1784 821 1869 deberet,
840 1784 937 1883 quod
960 1785 1013 1856 uti
1033 1784 1225 1883 probatum
1250 1798 1392 1857 estnon
1409 1785 1541 1871 evenit,
1565 1797 1679 1856 restat

79 1918 196 2016 igitur
215 1932 256 1990 ut
274 1917 491 1990 vocabulum
505 1926 573 1987 stt·
587 1919 624 1988 in
645 1943 755 1990 sensu
775 1917 892 1991 altero
912 1917 1125 2016 accipiatur,
1146 1917 1183 1989 in
1204 1942 1276 2015 quo
1298 1941 1398 2002 casu,
1415 1930 1512 1997 tm
1533 1945 1550 1987 c
1571 1943 1679 1990 sermo

76 2054 258 2136 secrtadns,
281 2054 453 2123 distinctio
479 2078 496 2119 s
516 2050 574 2121 vol
592 2050 714 2147 potius
739 2053 905 2144 expositio
925 2064 1166 2122 tormentorum
1188 2062 1303 2122 totam
1325 2062 1464 2148 partem
1485 2050 1680 2147 specialem

78 2184 203 2280 operis
220 2183 405 2281 designat,
425 2209 516 2280 quae
537 2183 582 2254 de
599 2182 756 2282 singulis
776 2182 964 2280 martyriis
985 2183 1075 2282 agit,
1094 2196 1202 2280 prout
1217 2182 1326 2255 etiam
1342 2183 1378 2253 in
1395 2182 1542 2282 epilogo
1558 2183 1679 2280 operis

79 2328 208 2387 auctor
230 2341 269 2387 se
297 2315 334 2386 in
358 2316 476 2412 primo
492 2341 660 2388 sermone
678 2319 831 2413 effigiem.
840 2329 1083 2410 praestantem,
1104 2342 1266 2409 magnam
1289 2319 1477 2400 victoriam,
1506 2319 1677 2388 solertiam

76 2451 265 2540 ⁸alariosam
300 2461 499 2546 martyrum
534 2448 798 2547 conscripsisse
830 2448 918 2521 dieit
952 2460 988 2520 et
1024 2448 1109 2520 dein
1146 2473 1329 2520 sermonem
1360 2474 1461 2519 suam
1491 2452 1536 2519 ad
1566 2474 1679 2519 earnes

79 2585 144 2653 SS.
162 2588 328 2675 Martyres
345 2585 492 2654 Orientis
509 2607 548 2653 se
567 2584 759 2653 contendisse
774 2594 972 2653 asseverat.

153 2847 189 2918 (i.
215 2847 332 2946 Igitur
351 2847 687 2945 probabilissimum
708 2861 764 2920 est
779 2871 985 2919 sermonem
1002 2846 1268 2946 panegyricum
1282 2847 1320 2918 in
1335 2846 1462 2919 laudes
1479 2859 1679 2944 martyrum

79 2993 222 3076 partem
242 2979 543 3052 introductoriam
568 2980 795 3053 collectionis
820 2980 947 3063 luisse,
965 2979 1053 3052 licet
1072 3005 1131 3051 res
1158 2991 1257 3052 certa
1277 3004 1351 3052 non
1371 2979 1431 3064 sit,
1450 3005 1532 3051 eum
1554 2980 1680 3051 inscri-

78 3112 157 3208 ptio
181 3111 344 3184 eiusdem
370 3112 465 3183 desit
490 3125 527 3184 et
547 3113 916 3210 omniaargumenta,
935 3113 1081 3209 quaein
1105 3111 1267 3184 savorem
1288 3111 1551 3210 suppositionis
1572 3111 1679 3183 istius

78 3244 202 3316 allerri
223 3258 377 3341 possunt
390 3269 433 3316 ex
454 3244 600 3317 indiciis
620 3245 774 3316 internis
794 3244 987 3342 desumpta
1008 3245 1094 3316 sint.
1115 3245 1255 3338 Quodsi
1281 3257 1403 3317 autem
1421 3244 1598 3343 prologus
1619 3242 1679 3317 ille

79 3376 127 3447 ab
142 3388 291 3450 auctore
307 3378 421 3449 totius
441 3377 670 3450 collectionis
690 3378 849 3475 scriptus
866 3390 935 3461 est,
955 3376 1104 3450 omniuo
1123 3376 1299 3476 probatur
1312 3389 1498 3449 auctorem
1516 3376 1679 3449 eiusdem

78 3533 154 3580 non
174 3533 256 3581 esse
280 3509 499 3581 Maratham.
520 3510 701 3609 Prologus
721 3511 818 3583 enim
838 3509 1065 3583 collectionis
1081 3510 1210 3581 intima
1230 3509 1484 3607 compassione
1505 3524 1542 3582 et
1559 3510 1681 3582 vivida

79 3641 240 3713 dictione
260 3652 392 3714 testem
412 3643 598 3715 oculatum
617 3668 738 3715 rerum
759 3656 947 3741 gestarum
967 3643 1091 3740 prodit
1106 3646 1130 3713 ¹.
1153 3642 1277 3717 Verba
1296 3642 1441 3742 prologi
1461 3643 1596 3741 ubique
1615 3643 1680 3714 tri·

79 3773 219 3845 stitiam
242 3774 489 3872 desperationi
514 3776 716 3874 proximam
741 3775 920 3861 redolent,
938 3787 1066 3847 auctor
1085 3800 1206 3848 amare
1232 3775 1397 3873 deplorat
1417 3775 1680 3848 desolationem

79 3905 343 3978 ecclesiarum²
376 3920 412 3979 et
441 3908 730 3993 consolationes,
768 3933 858 4006 quas
892 3934 936 3981 ex
971 3912 1008 3982 S.
1042 3909 1230 4006 Scriptura
1256 3908 1456 3993 desumit³,
1489 3933 1534 3979 ne
1569 3908 1680 3981 unico

80 4039 229 4135 quidem
263 4038 375 4111 verbo
411 4065 514 4138 spem
550 4041 710 4140 aliquam
746 4041 960 4114 mutationis
993 4039 1111 4113 tristis
1144 4041 1320 4113 ccclesiae
1351 4018 1469 4112 status
1502 4040 1677 4112 indicant.

82 4172 231 4243 Maximi
251 4174 424 4245 momenti
441 4188 497 4245 est
513 4199 599 4271 pars
615 4174 677 4246 illa
697 4172 857 4272 prologi,
880 4172 943 4247 ubi
963 4187 1090 4246 auctor
1105 4174 1191 4245 dum
1212 4173 1364 4245 iniurias
1386 4173 1566 4271 recogitat
1579 4198 1680 4270 prae·

81 4316 271 4401 ceptorum
296 4305 459 4378 caritatis
482 4332 571 4406 erga
592 4307 762 4406 inimicos
784 4306 920 4379 oblitus
941 4306 1041 4378 diras
1068 4306 1344 4378 maledictiones
1365 4306 1402 4378 in
1425 4319 1681 4403 persecutores

83 4437 273 4509 effundit&

159 4602 176 4634 «
204 4575 248 4642 Et
265 4596 356 4642 nanc
375 4576 515 4644 Danaae
540 4576 671 4645 custodi
690 4598 749 4645 nas
767 4599 789 4644 a
808 4577 929 4645 castris
953 4598 1078 4644 canum
1100 4576 1352 4644 immundorum
1372 4578 1577 4667 sanquinem
1598 4576 1682 4644 lam·

84 4706 244 4788 beatiam,
264 4707 325 4797 qai
345 4730 405 4777 aas
429 4710 654 4777 circumdant.
678 4712 728 4777 Da
755 4711 792 4778 ia
819 4731 854 4776 as
882 4718 1034 4777 nostram
1054 4707 1149 4777 modo
1174 4709 1425 4777 maledictiones
1450 4709 1681 4799 incorporatas

82 4849 201 4907 cantra
224 4862 288 4922 eos,
307 4863 388 4909 riam
415 4842 538 4931 liapna
564 4852 681 4910 nostra
702 4842 986 4910 benedictionibus
1006 4851 1143 4910 assueta
1171 4853 1230 4910 est.
1250 4841 1414 4910 Protende
1438 4841 1530 4910 labia
1550 4852 1677 4925 nostra,

82 4981 121 5040 nt
142 4971 362 5041 incurventur
386 4984 417 5042 et
442 4974 675 5044 eatendaatm·
698 4985 728 5042 et
751 4974 896 5065 sapittas
915 4974 1160 5065 peremptorias
1186 4973 1223 5042 ia
1248 4997 1300 5042 eos
1329 4974 1421 5042 aciat
1440 4974 1599 5065 pluriam
1624 4975 1683 5043 de-

83 5104 232 5187 mittant,
250 5106 333 5196 qaia
359 5109 552 5177 nescierant
572 5109 761 5198 benefacere
783 5118 814 5176 et
833 5107 1032 5176 dileneraat
1052 5107 1305 5176 maledictiones
1325 5118 1356 5176 et
1375 5108 1558 5177 actiterunt
1587 5109 1683 5177 bene·

145 5331 153 5367 ⁴
172 5330 305 5414 Bedjan,
323 5355 375 5416 op.
392 5338 458 5412 eit,
475 5343 499 5397 t.
518 5334 557 5410 ll,
575 5355 607 5417 p.
625 5341 675 5412 58,
693 5341 742 5398 60.

147 5437 159 5474 ²
174 5436 255 5498 [bid.
270 5460 302 5521 p.
322 5444 377 5501 104
391 5460 463 5523 sqq.

145 5542 255 5605 ³lbtd.
272 5565 305 5626 p.
324 5551 380 5607 113
393 5567 465 5631 sqq.

147 5647 257 5711 ⁴lttd.
274 5669 308 5732 p.
324 5658 362 5715 91
379 5673 451 5736 sqq.
