3878 6316
128 403 186 460 oon
549 484 552 488 ἡ
660 395 903 461 PRAEFATIO
926 435 964 442 —
986 396 1128 460 CAPUT
1152 396 1176 459 l.

133 588 201 660 sub
229 586 375 658 nomine
403 586 481 659 eius
510 586 636 674 fertur,
664 598 742 658 toto
771 610 837 658 suo
868 585 1017 684 iugenio
1045 585 1204 658 indolem
1232 587 1642 660 ethnico-christianam
1673 613 1724 660 re·

133 720 245 792 dolet.
271 718 371 791 Idem
402 719 597 791 dicendum
631 731 687 790 est
718 719 762 791 de
789 717 894 790 Actis
919 721 953 790 S.
985 719 1096 790 Maris
1121 718 1157 791 in
1183 720 1286 792 cuius
1312 720 1489 793 societate
1513 719 1638 818 plures
1659 720 1724 792 viri

136 865 234 925 certe
256 876 410 950 graecae
433 851 588 949 originis
606 864 935 923 commemorantur
956 880 963 922 :
987 852 1203 924 Ammonius
1217 856 1241 934 ¹,
1262 853 1452 952 Philippus
1464 855 1488 936 ²,
1515 857 1664 937 ωιϋ.
1687 852 1724 925 ln

131 985 284 1057 historia
302 983 404 1057 urbis
430 984 685 1056 Karka-d·Bet
702 983 802 1067 Slok,
829 986 960 1067 muer*
982 984 1128 1082 quidam
1144 1000 1461 1072 commemoratur,
1480 987 1542 1083 qui
1561 999 1724 1085 tempore

133 1118 309 1190 Hadriani
327 1143 371 1190 ex
391 1117 591 1192 Occidente
612 1117 656 1189 ad
672 1116 772 1189 illam
787 1116 915 1189 urbem
932 1116 1144 1215 confugisse
1160 1118 1306 1213 dicitur,
1320 1118 1444 1217 ibique
1461 1120 1631 1192 eumdem
1649 1122 1724 1218 epi-

132 1276 284 1349 scopum
296 1250 432 1322 factum
447 1275 528 1323 esse
545 1250 756 1348 accipimus.
774 1250 1111 1348 Quomodocunque
1126 1277 1184 1323 res
1201 1277 1240 1323 se
1259 1251 1404 1338 habeat,
1423 1252 1723 1351 distinguendum

131 1397 187 1456 est
207 1384 302 1456 inter
324 1383 530 1482 provincias
551 1383 837 1481 Mesopotamiae
852 1382 1158 1481 septentrionales
1177 1384 1345 1476 (Edessa,
1370 1385 1528 1471 Nisibin,
1551 1388 1618 1458 Bet
1637 1385 1724 1458 Zab-

134 1517 193 1588 dai
217 1521 316 1610 etc),
339 1528 375 1587 et
396 1528 537 1614 partem
559 1515 723 1589 eiusdem
745 1515 1031 1588 meridionalem.
1052 1516 1190 1588 Edessa
1211 1517 1380 1589 nimirum
1401 1530 1437 1590 et
1457 1518 1620 1616 reliquae
1641 1545 1724 1618 pro-

132 1649 274 1722 vinciae
304 1648 609 1747 septentrionales
635 1648 787 1747 imperio
814 1673 963 1720 romano
998 1648 1165 1722 subditae
1195 1650 1274 1722 sine
1303 1649 1415 1724 dubio
1439 1677 1459 1721 a
1483 1651 1725 1724 missiouariis

134 1783 296 1854 romanis
311 1781 508 1853 Antiochia
523 1780 704 1880 delegatis
717 1781 854 1855 Christi
870 1781 1015 1853 Domini
1028 1782 1138 1855 fidem
1153 1796 1406 1881 susceperunt.
1426 1785 1499 1856 Res
1517 1797 1643 1856 tamen
1662 1811 1726 1883 pro

135 1927 238 2014 parte
260 1914 489 1987 meridionali
512 1914 610 1987 illius
630 1915 792 2013 regionis
813 1914 920 1987 aliter
941 1939 980 1987 se
1003 1913 1137 1987 habere
1158 1915 1316 1988 videtur.
1341 1919 1432 1989 Cum
1456 1928 1534 1989 tota
1560 1919 1727 2016 quaestio

135 2048 202 2121 hoc
224 2048 305 2121 loco
330 2048 368 2119 in
387 2059 538 2121 extenso
554 2048 730 2145 perpendi
753 2060 922 2146 nequeat,
947 2047 1077 2120 saltem
1098 2048 1219 2147 aliqua
1239 2049 1448 2132 innuamus
1467 2075 1560 2148 quae
1583 2076 1667 2123 cum
1690 2077 1727 2122 rc

131 2194 256 2254 nostra
278 2180 486 2253 cohaerent.

203 2439 238 2508 Ξ.
261 2437 359 2509 Libri
376 2437 545 2510 nimirum
561 2438 706 2511 Veteris
721 2438 945 2510 Testamenti
961 2438 998 2509 in
1013 2437 1253 2511 translatione
1274 2439 1417 2537 syriaca
1436 2453 1536 2527 ‚tam
1551 2440 1725 2539 simplici.

130 2570 187 2644 vel
206 2572 370 2669 vulgata,
393 2583 433 2643 ut
453 2571 515 2643 alii
534 2569 674 2659 volunt,
698 2571 897 2644 existentes
913 2596 978 2670 pro
998 2570 1217 2669 quibusdam
1237 2573 1402 2645 terminis
1421 2573 1645 2672 theologicis
1664 2600 1726 2673 pe-

133 2704 284 2775 culiaria
297 2702 476 2776 vocabula
492 2702 679 2788 adhibent,
703 2728 795 2802 quae
815 2704 852 2774 in
875 2702 1044 2776 omnibus
1063 2705 1367 2777 translationibus
1384 2706 1538 2803 syriacis
1563 2709 1730 2805 Evange-

131 2836 263 2909 liorum
288 2861 437 2935 prorsus
460 2837 686 2936 ignorantur.
713 2837 852 2909 Summi
876 2836 1055 2936 imprimis
1076 2838 1250 2910 momenti
1274 2851 1329 2910 est
1358 2838 1501 2924 modus,
1527 2864 1599 2938 quo
1621 2865 1729 2912 voca·

134 2969 220 3041 bula
239 2973 399 3055 reluctor,
419 2973 524 3053 satus,
551 2973 704 3042 solutore
724 2970 938 3042 redduntur.
957 2972 1051 3042 Dum
1074 2970 1241 3043 notiones
1266 2971 1334 3043 hae
1360 2972 1397 3043 in
1422 2973 1560 3058 Pasitto
1583 2985 1668 3071 apte
1695 2986 1731 3046 et

133 3114 378 3200 congruenter
402 3101 589 3174 vocabulis
609 3127 690 3193 rata,
714 3128 779 3188 sat,
802 3130 888 3188 aas,
911 3104 1193 3189 transferuntur,
1221 3104 1258 3174 in
1285 3103 1454 3176 omnibus
1481 3104 1730 3178 translationi·

133 3236 201 3307 bus
222 3236 313 3307 Novi
333 3236 563 3308 Testamenti
585 3236 738 3334 syriacis
758 3236 903 3309 termini
924 3235 962 3308 hi
982 3236 1218 3335 soterologiei
1240 3263 1420 3334 nusquam
1441 3237 1675 3310 inveniuntur
1694 3250 1731 3312 ct

133 3368 169 3440 in
198 3393 323 3441 eorum
348 3368 467 3441 locum
495 3369 699 3441 locutiones
727 3368 951 3468 incongruae
980 3368 1270 3457 substituuntur;
1295 3408 1347 3455 ...ι
1373 3370 1730 3470 proe‹1{am„pr0

132 3509 290 3599 σωτήριον.
311 3501 522 3600 Antiquitas
543 3514 664 3573 autem
684 3527 773 3574 usus
789 3502 962 3601 loquendi
984 3501 1090 3574 huius
1107 3502 1238 3575 exinde
1257 3515 1371 3601 patet,
1391 3503 1489 3602 quod
1506 3529 1633 3577 omnes
1652 3517 1731 3576 tres

137 3634 419 3734 Evangeliorum
442 3635 688 3720 recensiones,
707 3660 799 3733 quae
816 3635 879 3706 illo
895 3634 1135 3707 communiter
1151 3648 1315 3721 utuntur,
1334 3636 1379 3708 ad
1400 3650 1635 3734 prototypum
1651 3639 1732 3710 uni·

135 3793 216 3839 cum
233 3767 351 3841 redire
365 3767 548 3852 videntur,
568 3767 708 3840 scilicet
724 3767 770 3839 ad
788 3795 805 3837 a
825 3766 1064 3866 Evangelium
1086 3795 1102 3837 n
1120 3768 1304 3841 nationale
1322 3771 1510 3867 Syrorum,
1527 3770 1572 3842 ad
1593 3776 1731 3842 Διατεσ-

137 3913 236 3998 σάρων
255 3901 434 3974 famosum
447 3906 471 3974 ⁰.
493 3901 831 3999 Quomodocunque
847 3925 906 3973 res
924 3925 963 3974 se
978 3901 1100 3987 habet,
1119 3901 1344 3999 impossibile
1361 3915 1417 3974 est
1433 3915 1620 3975 auctorem
1639 3929 1732 3977 usus

197 4160 204 4195 ⁴
226 4159 262 4220 P.
282 4157 415 4241 Bedjan,
430 4155 516 4220 Acta
531 4169 716 4239 martyrum
733 4171 763 4220 et
777 4171 976 4235 sanctorum,
993 4166 1015 4219 t.
1034 4157 1056 4232 l,
1070 4179 1103 4240 p.
1121 4164 1169 4220 53.

192 4266 204 4303 ²
220 4264 301 4327 Ibr’d.

195 4373 207 4409 ³
226 4371 307 4433 lttd.
325 4393 356 4454 p.
371 4378 419 4433 59.

197 4479 207 4516 ⁴
227 4478 306 4541 lbid.
324 4488 348 4540 t.
366 4478 404 4554 ll,
423 4478 561 4562 Lipsiae,
581 4482 667 4551 1891,
684 4498 715 4561 p.
734 4483 801 4542 512.

194 4583 377 4667 ⁵Exceptio
401 4585 495 4646 unica
515 4584 591 4646 Luc.
616 4606 650 4659 11,
679 4590 717 4646 30
739 4585 793 4646 ubi
816 4585 952 4666 Σωτήρων
971 4607 1030 4669 pro
1051 4597 1103 4655 111.
1126 4612 1138 4640 a
1161 4585 1380 4647 misericordia
1406 4613 1431 4645 r.
1457 4584 1523 4647 cn.
1548 4584 1729 4670 blosinger,

134 4691 309 4773 Evangelii
326 4691 566 4754 Concordantr's
586 4695 755 4773 expositio,
773 4691 927 4767 Venetiis,
947 4696 1036 4767 1876,Ι
1052 4713 1084 4775 p.
1107 4697 1145 4754 26
1162 4714 1169 4754 :
1187 4692 1268 4754 Eece
1288 4691 1433 4753 viderunt
1448 4691 1531 4752 oculi
1552 4691 1614 4753 mei
1631 4694 1731 4754 mise-

133 4797 310 4859 ricordiam
325 4807 422 4860 tuam.
440 4798 517 4879 (Sed
532 4809 618 4868 usit·
632 4818 671 4859 ne
686 4798 737 4860 hic
753 4799 882 4881 quidem
896 4799 1037 4883 legitur).

193 4907 205 4943 ⁶
223 4905 308 4966 ldem
325 4904 513 4966 observatur
527 4905 559 4966 in
576 4905 681 4967 citatis
696 4905 881 4987 Aphraatis,
898 4926 992 4988 quem
1009 4914 1133 4968 constat
1148 4906 1337 4989 plerumque
1350 4904 1558 4966 Diatessaron
1574 4903 1729 4989 allegare.

135 5011 317 5074 Demonstr.
333 5034 353 5084 r,
371 5017 417 5081 17,
436 5011 512 5072 Luc.
530 5033 598 5087 vm,
616 5017 654 5073 50
672 5033 678 5072 :
691 5017 748 5094 ,las
762 5013 813 5081 taio
826 5024 898 5089 ,saus
910 5023 1030 5079 ma»
1043 5023 1122 5088 ,ω
1138 5039 1151 5068 a
1170 5011 1307 5074 Tantum
1321 5011 1480 5074 credendo
1494 5010 1588 5073 erede
1603 5020 1635 5074 et
1649 5015 1732 5074 viret

134 5119 306 5199 (certatorem)
334 5118 398 5180 hlia
418 5129 473 5180 tua
485 5144 512 5179 t.
533 5117 717 5180 Demonstr.
741 5141 761 5192 r,
786 5124 832 5194 17,
850 5118 949 5180 Marc.
970 5140 1035 5193 xvi,
1054 5124 1091 5181 16
1107 5140 1114 5180 :
1130 5132 1171 5188 trs
1185 5130 1253 5202 ,ἑὼ
1269 5132 1379 5196 ,ssent
1396 5130 1433 5194 ,50
1449 5144 1462 5172 a
1479 5117 1541 5197 Qui
1558 5117 1732 5180 crediderit

135 5234 167 5286 et
188 5224 366 5306 baptizatus
387 5225 482 5286 hierit
503 5225 588 5288 vivet
609 5225 781 5307 (collatrat)
804 5251 830 5284 r.
850 5224 1052 5287 Prioritatem
1073 5225 1230 5287 versionis
1253 5224 1502 5309 Evangeliorum
1524 5224 1667 5306 syriacae
1689 5225 1731 5286 ab

134 5332 259 5414 Agnete
277 5331 379 5392 Smith
396 5331 501 5393 Lewis
517 5339 661 5415 repertae
678 5333 708 5393 in
725 5331 919 5394 monasterio
936 5332 970 5393 S.
988 5332 1180 5395 Catharinae
1193 5332 1224 5392 in
1242 5331 1342 5406 Sinai,
1357 5330 1496 5393 vindicat
1511 5331 1548 5392 A.
1568 5330 1654 5414 lljelt
1667 5330 1732 5393 Die

137 5438 333 5517 altsyra'acbe
352 5437 770 5521 Evangelien-ubersrzang
787 5437 856 5499 und
879 5438 907 5499 T
904 5441 1014 5500 atiena
1030 5437 1259 5517 Dr‘ateaaaron‚
1275 5437 1419 5522 Leipzig,
1438 5442 1514 5499 1903
1535 5437 1731 5518 (Forschun-

135 5565 197 5626 gen
218 5566 243 5605 z.
274 5544 393 5605 Geseh.
413 5543 469 5604 des
490 5544 528 5606 N.
552 5543 589 5606 T.
614 5545 742 5606 lianons
762 5544 825 5605 und
846 5545 903 5607 der
926 5545 1168 5608 althirchlichen
1191 5545 1361 5608 Literatur.
1385 5543 1444 5606 Ed.
1467 5544 1527 5607 Th.
1552 5542 1651 5620 Zaba,
1670 5544 1730 5608 Vll

133 5650 235 5726 Theil,
257 5651 267 5712 l
282 5650 379 5732 lleit).
