3884 6316
293 380 576 446 SCRIPTORUM
600 382 867 447 TESTIMONIA
889 382 946 446 DE
969 382 1239 447 BAHDESANIS
1262 383 1375 459 VITA,
1400 382 1607 448 SCRIPTIS.
1690 386 1748 444 tet

160 559 201 632 ad
216 559 444 633 Antoninum
463 587 506 634 ex
527 565 660 635 Emesa
680 565 748 654 (τοῦ
768 565 799 649 ἐξ
818 563 970 659 Ἐμεσῶν)
993 561 1127 635 missos
1148 576 1184 635 et
1204 587 1248 635 ex
1267 587 1392 635 eorum
1411 562 1683 635 narrationibus
1703 562 1749 635 li-

159 693 268 772 brum,
288 694 518 791 scripsisse¹.
544 696 753 768 Antoninus
773 695 833 768 iIIe
858 709 915 769 est
935 695 1167 795 Heliogabal,
1192 696 1253 793 qui
1277 695 1345 768 tuit
1366 695 1564 794 imperator
1588 696 1633 768 ab
1654 721 1748 769 anno

157 827 224 897 tls
239 852 356 924 usque
377 828 422 900 ad
439 854 574 901 annum
593 830 678 900 222.

227 959 409 1033 Eusebius
437 961 570 1034 tradit²
599 962 845 1035 Bardesanem
882 962 1075 1061 scripsisse
1105 961 1219 1034 libros
1249 961 1426 1035 adversus
1459 962 1681 1036 Marcionem
1713 975 1749 1036 et

157 1093 258 1179 alios,
281 1119 424 1167 necnon
444 1095 690 1192 percelebrem
704 1095 749 1167 de
771 1099 860 1167 Fato
875 1094 1065 1194 dialogum
1085 1093 1131 1167 ad
1143 1095 1401 1180 Antoninum³,
1421 1107 1458 1167 et
1477 1094 1569 1167 alios
1586 1120 1652 1192 pro
1673 1096 1749 1169 suis

157 1225 344 1323 discipulis
360 1225 529 1326 dialogos
550 1228 612 1326 qui
631 1254 651 1300 e
668 1228 819 1327 Syriaca
838 1228 967 1327 lingua
979 1227 1016 1299 in
1033 1203 1209 1300 Graecam
1228 1228 1395 1300 conversi
1410 1240 1506 1300 sunt.

227 1360 332 1432 quta
348 1360 605 1459 Epiphaniam,
625 1361 853 1435 bardesanes
868 1361 913 1433 ab
929 1360 1146 1458 Apollonio*
1163 1360 1393 1459 imperatoris
1408 1360 1578 1432 familiari
1595 1373 1750 1460 rogatus

156 1504 193 1564 ut
212 1490 450 1564 christianam
470 1492 578 1565 fidem
598 1492 800 1576 desereret,
820 1493 1009 1591 respondit
1028 1517 1067 1566 se
1087 1506 1241 1565 mortem
1261 1517 1333 1564 non
1353 1492 1480 1566 timere
1495 1504 1532 1565 et
1547 1494 1651 1590 quasi
1667 1518 1751 1566 con·

158 1625 333 1697 sessorem
351 1625 436 1698 fidel
460 1651 499 1699 se
518 1626 727 1725 praestitit:
754 1628 955 1716 Ἀπολλωνίῳ
974 1621 1010 1696 δὲ
1034 1638 1081 1716 τῷ
1102 1640 1156 1697 τοῦ
1178 1629 1365 1698 Ἀντωνίνου
1386 1631 1491 1723 ἑταίρῳ
1510 1631 1622 1723 diripe
1643 1656 1750 1722 παραι·

155 1769 288 1854 νούμενος
311 1764 494 1855 ἀρνήσασθαι
511 1767 548 1830 τὸ
569 1766 741 1857 χριστιανὸν
764 1765 868 1831 ἑαυτὸν
887 1766 999 1859 λέγειν,
1019 1763 1035 1830 b
1059 1757 1093 1830 δὲ
1114 1755 1225 1856 σχεδὸν
1249 1765 1279 1829 ἐν
1304 1758 1390 1842 τάξει
1411 1764 1578 1857 ὁμολογίας
1600 1767 1748 1844 κατέστη,

155 1899 259 1988 λόγους
273 1921 308 1962 τι
327 1897 463 1974 συνετοὺς
487 1895 684 1989 ἀπεκρίνατο,
706 1899 778 1990 ὑπὲρ
800 1893 948 1973 sinticius
972 1888 1115 1990 ἀνδρείοις
1136 1899 1391 1990 ἀπολογούμενος,
1409 1896 1538 1963 θάνατον
1560 1900 1601 1988 μὴ
1621 1890 1751 1964 δεδιέναι

157 2032 261 2120 μέσας,
288 2027 321 2096 ὃν
340 2031 456 2123 ἀνάγκη
476 2036 616 2115 isserat,
639 2031 696 2098 nris
717 2057 752 2096 τε
769 2041 813 2117 τῷ
834 2034 956 2116 βασιλεῖ
981 2033 1022 2124 μὴ
1044 2029 1221 2097 tristent
1247 2029 1337 2113 Qttirt
1357 2029 1460 2098 eliam
1483 2029 1660 2120 Apollonio
1678 2034 1751 2099 Aa·

158 2160 266 2230 tonini
282 2163 469 2253 familiari,
495 2172 533 2231 ut
557 2185 592 2231 se
611 2163 837 2232 christianum
861 2173 1000 2253 neparet
1020 2161 1198 2262 eripienti,
1222 2145 1431 2254 acquiescere
1454 2162 1580 2245 naluit,
1609 2185 1648 2230 ac
1666 2184 1750 2252 pro·

154 2294 330 2384 pemodum
354 2297 444 2365 inter
462 2296 544 2388 fidei
568 2299 770 2386 consessores
793 2296 922 2365 relatus
945 2305 1004 2364 est.
1037 2295 1170 2365 Etenim
1193 2294 1334 2386 pietatis
1352 2295 1546 2386 patrocinia
1567 2295 1751 2385 fortissima

156 2438 302 2520 suscepto
329 2429 501 2520 sapienter
526 2430 687 2520 inprimis
720 2429 907 2521 respondit,
940 2431 1141 2521 nepaoitque
1168 2438 1307 2496 mortem
1332 2449 1367 2496 se
1397 2429 1513 2497 timere
1543 2428 1651 2510 cuius,
1688 2430 1752 2497 etsi

157 2562 353 2652 imperatori
376 2584 443 2630 non
462 2561 642 2644 resisteret,
666 2561 732 2631 sibi
750 2562 977 2632 nihilominus
997 2561 1176 2631 necessitas
1196 2560 1400 2630 immineret.

227 2693 264 2762 S.
291 2691 536 2790 Hieronymus
560 2691 669 2764 etiam
690 2691 818 2764 scribit
845 2719 852 2763 :
876 2695 1006 2765 Ardeus
1028 2695 1101 2763 eius
1121 2717 1142 2763 a
1164 2695 1262 2786 Syris
1278 2693 1501 2785 praedicatur
1524 2695 1702 2783 ingenium
1720 2705 1752 2763 et

156 2826 188 2894 in
217 2826 448 2918 disputatione
473 2827 659 2910 uehemens,
686 2828 827 2919 scripsit
853 2829 994 2920 infinita
1015 2828 1176 2898 aduersus
1199 2849 1313 2896 ornnes
1333 2848 1444 2918 paene
1468 2827 1660 2910 haereticos,
1692 2827 1752 2917 qui

157 2970 260 3030 aetate
275 2961 349 3029 eius
358 2960 621 3052 pullulaverant
636 2962 673 3030 in
693 2961 813 3053 quibus
833 2962 1047 3031 clarissimus
1062 2971 1111 3030 est
1128 2972 1160 3030 et
1178 2961 1386 3052 fortissimus
1408 2960 1500 3041 liber,
1521 2982 1618 3051 quem
1638 2962 1751 3028 Ilarca

155 3093 321 3162 Antonino
344 3094 385 3163 de
407 3098 477 3185 sato
498 3094 655 3179 tradidit,
675 3105 707 3163 et
730 3094 839 3163 rnulta
863 3095 937 3163 alia
956 3116 1057 3186 super
1073 3094 1306 3185 persecutione
1324 3093 1515 3176 volumina,
1536 3115 1622 3183 quae
1640 3102 1751 3162 secta-

154 3237 234 3295 tores
258 3227 333 3296 eias
351 3227 392 3295 de
406 3249 489 3317 syra
510 3227 632 3318 linpna
653 3237 827 3296 uerterunt
846 3228 884 3296 in
903 3249 1078 3317 praecum,
1103 3229 1134 3296 si
1152 3237 1265 3296 autem
1287 3237 1384 3296 tanta
1402 3228 1454 3296 uis
1467 3237 1516 3295 est
1530 3236 1562 3294 et
1578 3226 1695 3317 [οἶμον
1713 3228 1751 3295 iu

154 3360 436 3451 interpretatione,
457 3370 623 3451 quantum
638 3371 805 3452 putamus
824 3361 862 3429 in
881 3383 1033 3430 sermone
1047 3361 1186 3452 proprio
1198 3359 1225 3430 ⁰.

223 3490 354 3584 Quoad
376 3503 518 3587 tempus
534 3491 663 3563 mortis
679 3491 759 3563 eius
775 3490 864 3564 dicit
884 3489 1129 3589 Epiphanius¹
1150 3516 1158 3559 :
1174 3486 1312 3586 διήρκεσε
1332 3494 1385 3585 μὲν
1405 3490 1484 3585 μετὰ
1502 3496 1557 3568 τὴν
1574 3491 1684 3559 ἐκείνου
1699 3518 1750 3559 τε-

151 3632 259 3702 λευτὴν
282 3635 354 3720 ἄχρι
373 3638 434 3694 τῶν
454 3628 568 3720 χρόνων
586 3626 768 3697 Ἀντωνίνου
788 3627 962 3721 Καίσαρος,
978 3632 1010 3694 οὐ
1023 3636 1076 3694 τοῦ
1097 3621 1248 3704 Εὐσεὸοῦς
1268 3632 1466 3719 καλουμένου,
1490 3627 1574 3693 ἀλλὰ
1591 3639 1645 3694 τοῦ
1664 3627 1751 3700 Oini-

152 3787 211 3851 ρον.
232 3762 312 3829 Post
337 3761 410 3829 eius
434 3732 604 3852 (asparis)
629 3761 755 3830 abitum
780 3760 825 3829 ad
847 3761 991 3830 Antonii
1018 3759 1175 3829 Caesaris
1203 3782 1307 3850 usque
1333 3769 1482 3850 tempora
1502 3761 1746 3849 perseveravit,

153 3915 220 3961 nan
240 3894 308 3976 Pii,
332 3893 390 3962 sed
412 3893 496 3962 Veri.
519 3890 592 3963 Sed
610 3890 744 3962 Lucius
760 3894 879 3965 Verus
897 3902 1063 3962 mortuus
1081 3901 1137 3962 est
1153 3914 1249 3961 anno
1273 3889 1354 3974 169,
1376 3888 1521 3962 videtur
1545 3913 1634 3987 ergo
1657 3912 1751 3961 erra·

147 4024 246 4096 visse
263 4023 527 4122 Epiphanium;
550 4037 586 4096 et
606 4024 803 4123 legendum
828 4036 884 4096 est
908 4029 991 4094 ἀλλὰ
1010 4037 1062 4094 τοῦ
1084 4021 1116 4104 ἐξ
1141 4023 1298 4119 Ἐμεσῶν,
1319 4034 1360 4094 ut
1385 4021 1569 4095 scribebat
1588 4021 1750 4119 Porphy-

149 4157 247 4243 rius,
274 4157 415 4230 scilicet
449 4156 667 4257 Heliogabal
696 4157 782 4249 (vid.
816 4163 947 4252 supra).
980 4156 1136 4230 Videtur
1170 4155 1397 4253 Epiphanius
1428 4167 1568 4228 textum
1600 4154 1749 4227 Eusebii

142 4315 340 4394 perpe—ram
359 4290 621 4390 interpretatus
641 4315 724 4363 esse
740 4290 825 4383 (vid.
844 4296 939 4385 insra
960 4293 977 4385 ἕ
999 4292 1045 4379 H,
1067 4316 1102 4387 p.
1128 4289 1226 4383 510).

217 4514 256 4584 4.
277 4515 326 4586 Ut
355 4525 458 4585 notat
478 4514 516 4585 S.
540 4512 803 4610 Hieronymus,
826 4512 962 4610 scripta
982 4512 1171 4585 innumera
1196 4511 1400 4610 composuit
1425 4512 1600 4584 adversus
1620 4534 1746 4583 omnes

203 4755 211 4789 ⁴
233 4751 393 4814 Stobaeus
415 4750 648 4834 [Eclogplrys.
659 4749 684 4826 l,
696 4755 726 4826 4,
742 4753 792 4832 56)
803 4751 906 4814 citans
921 4750 1146 4833 Porphyrium,
1157 4751 1204 4812 De
1218 4763 1321 4834 styge.
1336 4749 1385 4812 CI.
1398 4749 1615 4833 Fragmlrist.
1625 4769 1739 4832 graec.

131 4872 159 4923 t.
180 4859 211 4921 V
228 4859 262 4932 b,
279 4857 383 4926 Paris,
401 4861 489 4931 1872,
506 4879 540 4940 p.
557 4862 664 4921 68-69.

201 4966 214 5002 ‘²
231 4964 275 5027 H.
291 4964 347 5039 E.,
365 4965 426 5026 loc.
441 4968 495 5026 cit.

199 5069 425 5134 ³AdMaroum
432 5069 639 5145 Antoninum,
643 5071 735 5154 juxta
745 5069 778 5132 S.
788 5070 988 5146 llieron.,De
996 5074 1073 5134 airis
1081 5072 1128 5134 ill.
1146 5090 1173 5134 c.
1187 5075 1236 5133 33.
1245 5069 1488 5152 Legendumest
1496 5069 1536 5132 ad
1543 5068 1744 5151 Heliogabal.

199 5178 212 5215 ⁴
233 5176 359 5240 Forsan
374 5176 565 5259 Apollonius
581 5175 723 5252 Stoicus,
745 5197 840 5260 quem
860 5178 1041 5240 Antoninus
1060 5176 1138 5240 Pius
1157 5198 1176 5240 a
1196 5176 1325 5241 Chalcis
1349 5177 1381 5238 iu
1404 5177 1531 5258 Syriam
1552 5175 1685 5239 adduxit
1705 5176 1745 5238 ad

125 5283 363 5350 educationem
378 5281 479 5345 Marci
494 5283 627 5345 Aurelii
645 5282 693 5346 CI.
712 5282 907 5367 Hilgenfeld,
924 5305 956 5366 p.
975 5289 1023 5346 10.

198 5389 308 5453 ⁵Loc.
325 5393 379 5452 cit.

196 5496 308 5560 ‘Lae
324 5500 378 5558 cit.
396 5497 430 5559 S.
448 5496 534 5560 Hier.
557 5498 702 5581 sequitur
717 5496 904 5560 Eusebium.

196 5606 209 5643 ⁷
222 5603 305 5667 Lac.
322 5605 375 5665 cit.

249 5720 317 5753 nm
329 5721 378 5753 m
393 5733 419 5742 ··
433 5721 452 5754 1⁹.
467 5723 482 5756 1.
495 5722 517 5755 Τ.
531 5723 555 5755 ll.
