3884 6316
150 365 209 423 708
675 356 919 423 PRAEFATIO
941 396 980 404 -
1002 356 1143 422 CAPUT
1166 356 1221 418 111.

224 546 416 645 Rescripto
436 545 598 619 secundo
625 549 703 618 Rex
722 547 894 619 mandato
921 572 989 620 suo
1009 546 1126 645 primo
1152 545 1270 617 minas
1289 544 1466 643 plurimas
1486 546 1589 620 addit
1604 558 1641 620 et
1660 573 1747 620 cae-

149 682 232 755 dem
258 679 437 778 promittit
464 679 625 752 Simeoni
655 679 727 752 nisi
755 678 825 751 sibi
852 679 1000 753 obedire
1023 679 1124 752 velit.
1154 679 1324 751 Simeone
1353 691 1474 751 autem
1498 678 1748 753 obedientiam

149 828 340 889 recusante
368 812 527 886 edictum
550 811 700 885 tertium
728 829 797 890 ttae
822 813 991 901 mittitur,
1021 837 1092 910 quo
1120 811 1254 884 dirutio
1281 811 1457 884 ecclesiae
1490 815 1527 885 S.
1561 814 1748 887 Simeonis

148 961 257 1046 atque
274 946 437 1020 eiusdem
456 945 661 1044 deportatio
673 946 712 1018 in
725 945 852 1019 urbem
871 944 1182 1019 Karka-d-Ledan
1198 970 1219 1016 a
1235 947 1372 1041 Sapore
1387 970 1503 1043 nuper
1517 945 1748 1019 aedificatam

147 1081 367 1155 decernitur.

220 1215 296 1300 MSl
319 1211 410 1283 nihil
430 1211 560 1283 horum
582 1211 761 1299 continet3
781 1224 865 1310 post
888 1211 1029 1286 litteras
1057 1210 1192 1310 primas
1219 1210 1366 1284 Simeon
1390 1237 1412 1283 n
1434 1236 1521 1310 rege
1546 1211 1747 1286 furibundo

147 1346 312 1446 captivus
332 1344 516 1442 deportari
541 1343 688 1418 iubetur
707 1356 815 1443 atque
841 1344 887 1416 ad
912 1348 1050 1444 Regem
1070 1345 1264 1444 ingressus
1285 1344 1412 1417 eadem
1432 1343 1510 1443 agit
1530 1344 1744 1432 insolentia,

147 1505 218 1579 qua
238 1476 430 1577 epistolam
450 1476 635 1550 exaravit:
654 1503 727 1550 non
747 1478 844 1549 enim
866 1508 883 1545 «
905 1477 1035 1550 adorat
1057 1508 1090 1567 1),
1112 1478 1150 1551 id
1165 1491 1221 1551 est
1241 1476 1379 1551 nullam
1401 1478 1641 1549 reverentiam
1661 1479 1745 1576 regi

146 1611 305 1685 debitam
320 1609 480 1696 exhibet,
499 1610 564 1683 sed
580 1622 701 1683 erecto
721 1609 839 1683 sronte
855 1609 888 1683 ei
905 1635 944 1683 se
960 1610 1071 1684 sistit.

219 1747 296 1832 MS,
320 1745 412 1816 hanc
439 1743 680 1817 enarrationis
700 1756 840 1842 partem
870 1743 1034 1843 ignorat;
1059 1742 1206 1816 Simeon
1226 1743 1272 1815 ad
1301 1767 1426 1842 regem
1445 1742 1638 1842 ingressus
1659 1769 1742 1815 eum

146 1905 246 1953 more
267 1877 376 1950 solito
398 1904 415 1946 a
438 1877 616 1964 adorat»,
635 1902 707 1975 quo
727 1876 823 1950 sacto
839 1902 860 1948 a
876 1880 978 1977 Rege
994 1877 1242 1975 interrogatur
1265 1904 1272 1946 :

195 2044 212 2079 «
241 2014 430 2107 Quaenam
455 2009 604 2082 rebellio
633 2009 722 2082 haec
750 2010 911 2093 Simeon,
935 2035 1044 2109 quam
1071 2010 1247 2083 adversus
1274 2035 1330 2082 me
1358 2012 1570 2084 monstrasti
1597 2040 1614 2081 n
1645 2036 1740 2109 quae

144 2144 311 2244 quaestio
332 2142 365 2216 ei
386 2142 447 2241 qui
463 2142 658 2215 humanam
678 2154 846 2215 naturam
866 2143 967 2215 novit
986 2141 1282 2241 probabilissima
1302 2143 1483 2217 videatur.
1511 2147 1587 2232 MS,
1613 2157 1742 2217 contra

144 2279 267 2351 statim
287 2289 371 2377 post
390 2288 562 2375 negatam
583 2275 841 2348 salutationem
861 2300 987 2374 regem
1001 2275 1123 2348 furore
1144 2276 1322 2373 repletum
1345 2277 1506 2350 Simeoni
1528 2276 1665 2350 dixisse
1687 2303 1742 2348 re·

142 2411 211 2485 1611
225 2440 232 2483 :
250 2439 267 2482 c<
286 2413 389 2482 Nunc
403 2434 489 2482 vera
506 2420 633 2507 reputo
648 2408 784 2494 omnia,
801 2433 893 2507 quae
910 2409 1005 2481 dete
1026 2408 1161 2481 audivi.
1180 2410 1254 2481 Cur
1266 2409 1367 2507 prius
1386 2409 1566 2483 adorabas
1582 2424 1618 2483 et
1631 2410 1741 2483 modo

142 2570 215 2617 non
235 2543 419 2617 adorasti?
440 2569 457 2612 1
480 2541 548 2614 Cui
569 2541 742 2614 Simeon:
767 2572 784 2608 «
808 2544 900 2614 Nam
916 2541 1018 2641 prius
1038 2541 1200 2626 adoravi,
1218 2542 1305 2639 quia
1322 2567 1395 2613 non
1409 2541 1446 2614 in
1467 2543 1607 2615 catenis
1625 2567 1741 2616 vene-

142 2704 236 2763 ram,
259 2702 326 2749 noc
353 2688 394 2749 ut
417 2677 535 2748 Deum
562 2700 682 2746 meum
707 2699 833 2747 verum
860 2661 1077 2773 relinquam,
1100 2674 1307 2772 postulatus
1336 2700 1416 2746 sum
1446 2703 1478 2748 1.
1508 2679 1739 2773 Responsum

143 2810 303 2884 Simeoni
333 2808 486 2881 eandem
520 2833 628 2906 quam
657 2807 813 2905 epistola
841 2808 980 2880 redolet
1008 2807 1198 2906 vulgarem
1224 2833 1375 2906 prorsus
1402 2809 1676 2905 protervitatem
1703 2823 1738 2882 et

141 2945 291 3042 insuper
311 2941 496 3015 mentitur.
521 2943 612 3015 Nam
636 2967 753 3039 usque
778 2942 824 3013 ad
842 2954 1066 3014 momentum
1087 2965 1158 3038 quo
1176 2940 1324 3013 Simeon
1344 2941 1505 3027 intravit,
1528 2967 1549 3012 a
1570 2944 1672 3041 Rege
1693 2942 1738 3014 ad

141 3077 366 3175 apostasiam
383 3073 480 3146 haud
495 3072 779 3160 sollicitabatur;
797 3099 868 3172 qua
884 3098 974 3173 ergo
987 3073 1128 3146 ratione
1143 3074 1365 3171 respondere
1378 3074 1560 3172 potuisset
1575 3099 1615 3147 se
1634 3074 1736 3173 prius

141 3235 214 3282 non
235 3233 316 3281 esse
341 3207 560 3280 accersitum
579 3205 625 3277 ad
648 3209 764 3279 Deum
786 3232 912 3279 verum
934 3206 1236 3304 relinquendum?
1255 3209 1331 3278 lam
1354 3206 1454 3303 ipsae
1483 3206 1552 3279 hac
1575 3232 1738 3308 exagge-

141 3342 319 3423 rationes,
350 3364 442 3437 quae
472 3352 634 3412 ceterum
664 3340 773 3412 etiam
803 3339 839 3410 in
867 3339 1055 3436 responsis
1084 3338 1267 3412 Gustazad
1294 3351 1330 3412 et
1359 3339 1467 3411 Pusai
1497 3339 1738 3412 observantur

140 3487 256 3547 totam
275 3472 486 3545 methodum
506 3495 627 3544 rerum
651 3471 915 3544 narrandarum
939 3471 985 3544 ab
1010 3485 1158 3545 auctore
1179 3474 1252 3558 MS,
1274 3472 1505 3544 observatam
1528 3487 1736 3573 suspectam

141 3607 298 3680 reddunt
317 3631 384 3678 nec
404 3630 531 3678 revera
550 3603 596 3677 ab
619 3603 734 3678 altero
755 3604 944 3678 redactore
968 3616 1136 3702 receptae
1164 3616 1262 3692 sunt,
1286 3606 1347 3703 qui
1372 3605 1640 3679 enarrationem
1665 3631 1736 3678 non

141 3740 259 3813 solum
279 3739 500 3812 intrinsecus
512 3736 809 3836 probabiliorem,
828 3738 892 3810 sed
913 3737 1023 3810 etiam
1038 3736 1152 3810 multo
1169 3738 1389 3811 exactiorem
1409 3738 1568 3837 reliquit.
1593 3739 1653 3812 Sic
1674 3765 1735 3812 ae-

140 3873 307 3945 dificatae
332 3870 433 3943 urbis
459 3870 1026 3969 1161116-(1-11611611(1666111111οῆ
1048 3871 1197 3943 nomina
1221 3871 1476 3969 episcoporum
1503 3897 1585 3944 cum
1610 3875 1647 3944 S.
1677 3872 1736 3944 Si-

140 4031 268 4078 meone
299 4003 546 4089 occisorum²,
576 4029 695 4075 sermo
727 4007 765 4075 S.
798 4003 979 4076 Simeonis
1014 4003 1058 4075 de
1091 4003 1286 4076 haereticis
1318 4005 1477 4077 vitandis
1512 4030 1585 4077 non
1616 4003 1733 4078 solum

138 4200 229 4260 illius
246 4164 370 4260 honore
385 4197 507 4258 tributa
529 4218 594 4258 non
616 4196 784 4258 reddimus
803 4209 834 4258 61
855 4200 954 4278 quasi
971 4198 1039 4279 fila·
1051 4200 1137 4281 regis
1157 4220 1179 4257 a
1196 4198 1406 4281 vectigalibus
1427 4201 1588 4291 immunes
1607 4220 1731 4260 sumus,

200 4306 209 4343 ⁴
223 4304 300 4387 Μὴ,
313 4324 400 4366 num.
413 4309 463 4365 26.
475 4304 570 4368 Juxta
583 4303 736 4378 Noldelre,
750 4324 802 4385 op.
820 4306 885 4381 cit,
899 4324 931 4386 p.
946 4309 995 4377 55,
1009 4303 1283 4366 Karka-d-Ledan
1298 4304 1383 4367 idem
1396 4314 1446 4367 est
1457 4324 1495 4368 ac
1507 4304 1592 4367 Eran
1608 4304 1733 4367 Churra

140 4412 245 4495 Sapur
266 4409 454 4496 significans
480 4410 584 4493 Sapor
606 4419 638 4472 et
659 4418 744 4471 terra
768 4410 849 4484 eius,
869 4410 1078 4493 probabiliter
1099 4409 1210 4472 eadem
1234 4410 1346 4473 civitas
1370 4420 1420 4473 est
1440 4431 1522 4494 qnae
1544 4411 1576 4472 in
1599 4436 1613 4468 α
1636 4410 1732 4473 Libro
1773 4476 1775 4481 ,

140 4519 264 4602 Regum
282 4543 295 4574 »
317 4517 404 4579 Jules
419 4516 519 4591 Mohl,
533 4515 579 4578 Le
594 4517 674 4578 livre
688 4516 745 4578 des
759 4515 838 4579 Rois
846 4537 917 4597 par
934 4513 1160 4579 Abou'llrosim
1180 4515 1346 4579 Firdousr‘.
1365 4517 1542 4580 Collection
1556 4517 1730 4589 Orientale.

138 4633 161 4687 1.
177 4625 216 4699 V,
228 4646 261 4708 p.
277 4627 351 4700 4733
366 4624 469 4699 Paris,
487 4628 574 4685 1866.
591 4610 698 4729 k‚pl-„ml
716 4605 782 4742 pix<
789 4622 1077 4684 Annam-i-Asiran
1092 4623 1274 4751 appellatur
1287 4633 1383 4707 atque
1396 4646 1414 4686 a
1430 4624 1552 4707 Sapore
1567 4624 1600 4685 in
1613 4621 1732 4688 Ahwaz

139 4765 304 4828 aedificata
330 4786 401 4828 esse
430 4765 555 4827 dicitur.
582 4765 704 4827 Nomen
726 4773 832 4826 autem
854 4784 873 4825 a
895 4764 1031 4847 captivis
1055 4745 1164 4859 (alfii)
1189 4775 1283 4828 nacta
1310 4775 1377 4840 est,
1398 4765 1453 4848 qui
1477 4766 1615 4828 testibus
1642 4766 1732 4829 Actis

139 4872 222 4953 (MS,
235 4874 290 4953 ib.)
308 4893 346 4934 ex
360 4869 521 4947 Armenia,
541 4871 725 4946 Kurdistan,
743 4870 861 4932 Arabia
883 4871 1082 4955 imperioque
1101 4871 1245 4934 Romano
1267 4872 1343 4933 illuc
1364 4871 1524 4955 deportati
1546 4882 1631 4935 sunt.
1654 4872 1732 4935 Des·

136 4979 251 5061 criptio
269 4978 359 5041 urbis
378 4978 526 5042 fundatae
541 4977 574 5038 in
589 4987 728 5039 mentem
748 4985 876 5039 revocat
890 4977 1109 5060 expeditiones
1123 4979 1235 5062 lingua
1249 4977 1412 5059 assyriaca
1423 4981 1516 5062 girre
1529 4988 1731 5061 nuncupatae

136 5104 250 5168 regum
271 5082 422 5166 Assyriae
442 5094 473 5147 et
488 5084 694 5166 Babyloniae,
712 5083 766 5166 qni
788 5082 899 5145 eodem
914 5104 1048 5166 prorsus
1067 5083 1162 5146 modo
1179 5083 1322 5166 captivos
1343 5085 1511 5168 regionum
1531 5085 1730 5147 diversarum

135 5211 386 5276 congregavere.

194 5298 206 5335 ²
223 5297 456 5379 Episcoporum
476 5300 606 5359 nomina
620 5298 699 5359 haec
714 5305 812 5358 sunt:
832 5298 858 5377 1)
874 5296 946 5359 Duo
965 5297 1109 5380 episcopi
1127 5297 1309 5379 provinciae
1329 5297 1464 5381 Maysan
1480 5319 1536 5360 seu
1550 5297 1729 5372 Messenae,

134 5402 352 5465 meridionalis
367 5404 469 5486 partis
484 5403 747 5488 Mesopotamiae,
760 5423 842 5487 quae
857 5412 931 5486 post
946 5423 1063 5465 annum
1077 5404 1731 5470 1291116011.1116116561616111116611

133 5519 290 5593 astatque
307 5529 442 5594 regnum
458 5510 507 5571 sui
527 5510 606 5571 iuris
622 5509 741 5572 mansit
760 5529 863 5591 nsque
879 5509 919 5570 ad
934 5529 1051 5572 annum
1069 5514 1127 5572 226
1142 5518 1217 5592 post
1231 5508 1322 5586 chr,
1343 5531 1406 5593 quo
1421 5510 1486 5573 1616
1503 5519 1649 5596 tempore
1662 5523 1731 5576 tota

132 5616 223 5699 regio
244 5616 284 5679 ab
308 5615 442 5678 Ardatir
466 5636 544 5701 rege
563 5617 667 5700 primo
689 5615 862 5679 Persarum
881 5625 976 5698 atque
1000 5615 1165 5680 conditore
1187 5616 1353 5699 dynastiae
1378 5616 1627 5682 Sassanidarum
1650 5620 1731 5682 sub·
