3884 6316
401 400 457 463 DE
479 398 581 463 VITA
603 398 657 461 ET
681 396 875 462 SCRlP'llS
898 396 932 459 S.
957 395 1159 460 SlhlEONlS
1182 393 1266 460 ΒΑΗ
1289 396 1475 461 SABBA‘E.
1681 408 1740 465 673

217 594 271 664 Ex
285 590 342 662 his
358 588 518 687 Agapeti
533 585 655 659 verbis
671 586 761 659 haec
776 585 1008 658 deducuntur
1024 611 1032 653 τ
1052 587 1131 657 Mar
1147 587 1245 682 Papa
1262 585 1404 683 aliquos
1421 586 1739 686 suffraganeorum

142 749 292 798 suorum
313 748 469 797 censura
492 718 743 793 ecclesiastica
760 742 929 791 coercere
952 716 1080 790 voluit.
1105 718 1150 789 Hi
1173 717 1300 817 igitur,
1318 732 1359 791 ut
1382 744 1521 817 poenas
1547 721 1617 793 sibi
1642 722 1740 794 inlli-

142 857 284 957 gendas
306 855 528 953 effugerent,
552 853 694 927 litteras
714 851 976 924 dillamatorias
1001 863 1127 923 eontra
1151 873 1235 924 eum
1260 867 1544 950 composuerunt
1568 867 1603 927 et
1628 856 1739 954 longe

141 990 286 1087 lateque
307 988 555 1086 divulgarunt.
582 989 776 1058 Praeterea
795 985 975 1082 quosdam
997 983 1252 1082 episcoporum
1268 983 1446 1058 bonorum
1460 999 1587 1059 contra
1603 991 1738 1086 Papam

142 1123 358 1206 excitarunt,
381 1120 532 1218 perinde
553 1119 644 1191 acsi
665 1144 704 1190 se
725 1130 851 1190 contra
874 1117 1126 1216 suffraganeos
1148 1142 1234 1189 suos
1253 1117 1444 1191 extolleret
1459 1145 1595 1218 eosque
1612 1134 1739 1194 contra

141 1255 198 1327 ius
219 1268 255 1327 et
276 1254 331 1327 fas
355 1264 542 1326 tractaret.
567 1251 633 1323 His
652 1252 775 1349 itaque
797 1249 995 1349 agentibus
1021 1251 1192 1348 Synodus
1215 1251 1404 1323 Seleuciae
1430 1252 1567 1325 indicte
1594 1268 1662 1338 est,
1685 1256 1738 1326 uti

139 1391 234 1460 Acta
260 1390 298 1459 S.
322 1386 419 1459 Milis
444 1385 619 1469 referunt,
642 1383 705 1455 ubi
724 1387 824 1481 Papa
846 1408 866 1454 a
890 1386 928 1455 S.
957 1382 1042 1455 Mile
1059 1382 1295 1456 vehementer
1318 1384 1525 1484 increpatus
1555 1400 1628 1473 est;
1656 1413 1738 1460 cum

139 1546 227 1593 vero
247 1520 353 1591 Miles
373 1520 419 1591 ad
439 1518 641 1593 sententias
662 1543 748 1589 sues
768 1515 977 1614 probandas
996 1514 1236 1614 Evangelium
1256 1517 1476 1605 invocasset,
1500 1520 1738 1592 exacerbatus

141 1656 241 1751 Papa
256 1652 420 1725 codicem
435 1650 626 1749 Evangelii
647 1650 741 1722 sacri
757 1647 940 1746 percussit
955 1649 1044 1721 etin
1064 1648 1132 1720 hac
1154 1649 1397 1723 commotione
1416 1651 1739 1725 vehementissima

141 1786 301 1884 paralysi
321 1785 512 1884 perculsus
533 1796 602 1869 est,
630 1783 728 1881 quod
748 1781 886 1853 inimici
911 1781 991 1853 eius
1015 1781 1145 1854 ultioni
1170 1781 1314 1854 divinae
1338 1783 1543 1856 tribuentes
1565 1785 1739 1858 miserum

141 1940 183 1987 eo
206 1914 325 2013 magis
352 1913 623 1985 dillamavere¹.
649 1913 707 1983 An
732 1909 950 1984 interventio
977 1937 995 1979 (ι
1022 1912 1171 1982 Patrum
1193 1911 1407 1984 Occidentis
1429 1943 1446 1978 »
1476 1913 1521 1985 de
1546 1939 1617 2011 que
1636 1915 1738 2012 Aga-

139 2059 247 2145 petus
268 2046 428 2144 loquitur
449 2059 574 2144 patres
601 2045 638 2116 iu
659 2044 800 2142 synodo
826 2043 987 2115 Nicaena
1011 2056 1258 2142 congregatos
1284 2043 1467 2143 designet,
1493 2046 1571 2118 erui
1592 2047 1736 2144 nequit;

140 2204 224 2250 nam
245 2180 436 2277 Agapetus
456 2177 567 2251 simili
587 2177 696 2250 modo
716 2175 879 2275 loquitur
900 2175 1140 2249 demissione
1162 2179 1340 2261 Marutae‚
1364 2177 1426 2274 qui
1453 2176 1498 2248 ab
1521 2178 1739 2276 imperatore

140 2312 349 2385 Theodosio
371 2311 471 2384 nulla
496 2310 761 2383 interveniente
790 2309 932 2408 synodo
959 2308 1005 2380 ad
1032 2307 1172 2381 similes
1205 2309 1438 2383 difficultates
1468 2311 1738 2408 componendas

140 2445 337 2542 deputatus
365 2457 435 2517 est.

213 2577 297 2649 Alia
322 2576 517 2649 difficultas
547 2577 584 2647 in
614 2602 657 2649 eo
679 2576 750 2648 site
770 2575 945 2673 estquod
965 2574 1140 2658 nescitur,
1171 2586 1293 2646 utrum
1314 2576 1495 2674 episcopi,
1528 2602 1621 2674 quos
1641 2581 1739 2675 Papa

139 2710 268 2808 punire
301 2710 430 2793 voluit,
461 2709 806 2808 Archiepiscopatui
838 2706 1051 2781 Seleucensi
1075 2707 1303 2780 subordinati
1326 2708 1474 2795 fuerint,
1507 2734 1553 2781 an
1585 2735 1673 2783 vero
1693 2712 1740 2783 ad

138 2843 363 2939 provinciam
380 2842 587 2915 Huzitidem
601 2841 862 2940 pertinuerint3
876 2840 921 2913 ab
938 2841 1006 2912 hoc
1020 2853 1142 2913 autem
1156 2840 1291 2939 pendet
1304 2842 1472 2938 quaestio
1485 2867 1532 2914 an
1548 2846 1647 2940 Papa
1667 2844 1737 2916 iam

137 2988 224 3047 tunc
245 2975 537 3047 iurisdictionem
559 2973 804 3071 primatialem
827 2973 1045 3046 exercuerit.
1067 2973 1200 3071 Liquet
1221 2973 1318 3045 enim
1338 2998 1435 3058 eum,
1460 2989 1501 3047 ut
1524 2977 1738 3074 metropoli-

138 3121 225 3195 tam,
247 3108 305 3181 ius
327 3109 373 3181 ad
395 3108 495 3181 solos
512 3107 766 3206 sullraganeos
792 3131 880 3179 suos
906 3130 1063 3179 censura
1085 3107 1308 3179 coercendos
1331 3106 1523 3194 habuisse;
1540 3109 1570 3180 si
1586 3109 1739 3207 proinde

138 3241 231 3314 alios
251 3242 446 3340 episcopos
466 3265 612 3339 quoque
635 3241 851 3339 punivisset,
877 3251 940 3312 aut
962 3239 1035 3312 diei
1062 3239 1212 3312 deberet
1235 3240 1439 3312 Seleuciam
1464 3241 1580 3313 solam
1606 3256 1739 3315 metro·

138 3374 337 3471 politanam
370 3375 484 3447 fuisse
515 3374 653 3459 sedem,
685 3387 747 3445 aut
777 3370 1056 3472 supponendum
1090 3384 1189 3445 esset
1222 3398 1305 3445 eum
1334 3373 1406 3445 iam
1439 3387 1523 3446 ante
1559 3375 1739 3473 synodum

138 3506 339 3579 Niceanam
360 3519 581 3605 potestatem
602 3505 847 3603 primatialem
874 3504 1084 3585 exercuisse
1103 3505 1231 3578 eadem
1256 3506 1397 3580 ratione
1419 3532 1490 3604 qua
1509 3509 1686 3581 exarchae
1701 3509 1739 3580 in

137 3639 276 3711 ditione
293 3664 456 3712 romane.
483 3641 575 3712 Cum
594 3664 704 3738 porro
724 3639 825 3711 iuxta
841 3662 1001 3711 canones
1020 3638 1350 3735 pseudonicaenos,
1371 3665 1525 3737 quorum
1540 3641 1738 3714 auctoritas

136 3771 243 3844 facile
262 3771 386 3869 sperni
411 3772 549 3869 nequit,
578 3771 821 3844 catholicatus
841 3771 1005 3870 dignitas
1027 3770 1219 3868 metropoli
1249 3771 1460 3844 Seleucensi
1485 3772 1669 3846 adtributa
1693 3772 1738 3846 ab

133 3903 204 3974 hac
226 3904 369 4001 synodo
394 3904 554 3976 Nicaena
582 3903 780 3987 derivetur,
803 3903 900 3974 haud
927 3902 1033 3975 lacile
1057 3901 1290 4000 intelligitur,
1314 3929 1386 4002 qua
1407 3904 1548 3977 ratione
1575 3905 1738 4003 episcopi

133 4036 345 4109 immediate
382 4049 466 4134 post
504 4035 685 4135 synodum
721 4036 977 4108 auctoritatem
1008 4035 1254 4133 primatialem
1286 4039 1407 4136 Papae
1439 4039 1582 4135 agressi
1617 4039 1733 4124 sint²;

133 4168 251 4241 multo
283 4167 511 4267 probabilius
536 4181 592 4242 est
631 4171 782 4267 Papam,
814 4167 877 4266 qui
908 4180 1003 4241 teste
1028 4166 1180 4240 Abdico*
1212 4181 1368 4266 quatuor
1399 4170 1737 4269 archiepiscopatus

132 4302 287 4387 creavit,
306 4302 378 4374 iam
397 4315 482 4374 ante
500 4302 680 4399 synodum
704 4303 897 4374 exarcham
918 4301 1041 4400 egisse
1063 4301 1151 4373 etin
1171 4301 1239 4373 hac
1257 4302 1434 4399 qualitate
1452 4303 1646 4401 episcopos
1667 4301 1737 4374 sibi

136 4434 293 4506 rebelles
309 4459 542 4533 compescere
558 4435 733 4523 voluisse,
750 4435 813 4533 qui
834 4460 916 4506 eum
939 4433 1067 4507 relatio
1090 4432 1403 4509 subordinatiouis
1426 4435 1567 4508 sedium
1589 4461 1736 4508 suarum

136 4566 235 4639 nulla
268 4568 387 4641 adhuc
418 4569 636 4642 auctoritate
668 4569 819 4642 definita
848 4569 998 4653 fuisset,
1028 4592 1068 4639 se
1102 4566 1221 4639 eidem
1248 4568 1421 4642 facillime
1451 4595 1635 4668 opponere
1668 4594 1737 4666 po·

135 4712 298 4772 tuerunt.

194 4981 405 5064 *Descriptio
422 4993 555 5045 eventus
574 4984 670 5045 huius
687 5003 769 5066 quae
791 4983 930 5066 partium
946 4983 1087 5045 studium
1109 4984 1211 5066 spirat
1229 4984 1350 5068 legitur
1369 4986 1466 5047 etiam
1486 4985 1518 5046 in
1532 4985 1607 5048 Vita
1629 5007 1655 5047 e.
1675 4984 1738 5046 Eu·

132 5088 222 5170 genii
239 5087 285 5167 (1³.
303 5088 437 5171 Bedjan,
452 5090 537 5151 Acta
551 5102 738 5169 martyrum
756 5103 787 5151 et
800 5103 1002 5168 sanctorum,
1020 5099 1043 5151 t.
1058 5089 1114 5164 lll,
1129 5090 1267 5172 Lipsiae,
1287 5096 1374 5166 1893,
1389 5113 1421 5174 p.
1438 5095 1518 5173 433),
1535 5112 1615 5175 quae
1630 5102 1736 5154 tamen

131 5193 235 5255 multo
248 5195 406 5256 recentior
418 5205 479 5271 est,
494 5217 590 5279 quam
605 5197 685 5260 heta
701 5197 734 5260 S.
749 5197 847 5259 Mitis.

194 5299 207 5336 ²
222 5299 456 5377 Barbebraeus,
471 5311 507 5363 ut
524 5302 674 5378 vidimus,
689 5305 846 5385 synodum
864 5302 952 5364 illam
974 5323 1057 5365 anno
1076 5311 1150 5386 post
1166 5302 1339 5366 Nicaenam
1359 5304 1502 5370 habitam
1517 5325 1588 5368 esse
1610 5305 1734 5379 statuit,

129 5406 195 5468 hoc
206 5413 314 5468 tamen
328 5406 408 5468 nihil
423 5408 549 5491 probat,
564 5429 638 5471 nam
654 5410 875 5471 Barhebraeus
888 5429 990 5472 annos
1005 5408 1215 5472 catholicatus
1236 5410 1343 5493 Papae
1361 5411 1401 5473 ab
1416 5409 1500 5474 a’nno
1514 5417 1574 5474 266
1591 5419 1738 5474 numerat

127 5521 166 5575 et
181 5511 384 5595 apoplexiam
403 5515 472 5576 eius
491 5535 588 5577 unum
604 5536 722 5578 annum
745 5515 879 5578 durasse
899 5517 1025 5593 statuit3
1043 5525 1078 5579 ut
1092 5525 1326 5600 consequenter
1340 5517 1483 5601 synodus
1502 5518 1558 5581 illa
1577 5538 1661 5581 auno
1679 5522 1737 5579 335

126 5637 173 5681 ex
187 5627 294 5680 mente
308 5619 378 5682 eius
391 5619 553 5683 celebrata
564 5622 618 5684 sit.

239 5735 309 5768 rara.
323 5736 374 5770 ern.
389 5750 415 5759 -
429 5738 450 5771 r.
464 5738 479 5771 ι.
493 5737 514 5772 r.
529 5739 553 5772 ru
1597 5733 1622 5774 ²³
