3884 6316
276 388 334 448 704
800 377 1043 443 PRAEFATIO
1065 416 1104 424 -
1126 376 1267 443 CAPUT
1293 381 1348 444 lll.

274 569 512 671 probabiliter
534 567 644 642 etiam
664 568 861 641 concordat
876 592 958 640 cum
971 568 1074 641 Actis
1089 589 1176 647 cass
1196 567 1371 640 ssarsahia
1391 568 1536 641 diaconi
1556 594 1652 641 anno
1678 571 1880 668 quintode-

275 705 369 777 cimo
389 702 654 803 persecutionis
669 701 818 787 occisi¹,
837 701 898 800 qui
918 700 1068 773 ultimus
1088 715 1144 774 est
1162 700 1284 788 seriei,
1303 701 1407 774 cuius
1425 728 1543 774 annus
1563 704 1692 776 mortis
1712 704 1751 775 in
1769 705 1878 777 Actis

274 851 371 911 recte
398 848 557 910 statutus
585 860 666 908 esse
690 834 852 922 videtur,
877 835 1099 933 praecedunt
1126 835 1223 908 enim
1255 836 1428 934 martyria
1456 838 1495 908 S.
1524 835 1644 908 lacobi
1672 849 1708 909 et
1739 837 1878 910 Mariae

274 971 410 1044 sororis
430 969 594 1042 eiusdem
615 955 808 1041 monialis²
830 981 937 1067 atque
955 968 1130 1067 martyria
1149 968 1306 1041 Theclae
1325 983 1360 1041 et
1381 970 1588 1041 sociarum³
1605 996 1700 1042 anno
1718 971 1879 1068 septimo

272 1102 538 1203 persecutionis
563 1101 800 1175 sublatarum.
823 1104 969 1174 Lacuna
996 1125 1132 1201 magna
1160 1101 1255 1173 inter
1280 1127 1395 1173 annos
1423 1103 1443 1174 7
1469 1115 1505 1174 et
1531 1104 1573 1173 15
1606 1103 1878 1200 persecutionis

271 1237 466 1311 terminum
493 1235 655 1308 indicare
688 1234 833 1308 videtur
867 1234 1039 1307 confusae
1072 1234 1335 1307 numerationis
1365 1260 1410 1307 ex
1442 1260 1513 1333 qua
1544 1260 1719 1307 numerus
1751 1249 1877 1309 rectus

272 1371 457 1444 obtinetur
484 1369 515 1442 si
540 1368 645 1441 annis
674 1367 1045 1466 correspondentibus
1065 1368 1217 1466 Saporis
1238 1392 1411 1440 numerus
1431 1368 1690 1467 quaternarius
1710 1370 1874 1442 additur.

346 1638 381 1710 7.
405 1636 512 1732 Quod
532 1659 619 1708 vero
640 1634 770 1707 attinet
790 1633 835 1706 ad
851 1659 985 1706 annum
1005 1635 1071 1707 117
1089 1659 1194 1708 aerae
1211 1634 1506 1717 Sassanidarum,
1524 1635 1635 1707 alium
1652 1635 1711 1707 lric
1727 1661 1875 1734 quoque

274 1796 432 1844 errorem
451 1769 564 1842 latere
584 1768 763 1868 suspicor.
785 1766 947 1840 Historia
962 1768 1058 1841 enim
1078 1792 1234 1867 magnae
1251 1767 1375 1841 caedis
1391 1767 1428 1840 in
1446 1768 1536 1842 urbe
1555 1769 1876 1842 Karka-d-Ledttn

273 1904 488 1977 commissae
501 1902 546 1975 ad
557 1926 692 1974 annum
708 1902 909 1974 secundum
921 1901 1188 1999 persecutionis
1201 1901 1350 1999 ponitur
1365 1914 1401 1974 et
1416 1926 1589 1999 expresse
1604 1902 1778 1975 statuitur
1792 1928 1875 1975 eam

272 2039 398 2109 decem
414 2035 492 2108 dies
512 2034 665 2107 durasse
685 2061 691 2103 :
711 2033 841 2107 aleria
861 2058 991 2133 nempe
1011 2046 1116 2107 sexta
1130 2060 1348 2133 parasceves
1372 2036 1479 2132 (mae)
1501 2036 1683 2134 usquead
1704 2036 1876 2108 Domini-

272 2195 351 2243 cam
375 2169 411 2241 in
436 2168 543 2253 albis,
573 2180 613 2240 ut
641 2191 731 2240 voce
755 2166 869 2239 latina
894 2166 1061 2239 familiari
1088 2180 1183 2239 utar.
1210 2170 1318 2242 Anno
1346 2182 1468 2243 autem
1495 2170 1562 2241 117
1589 2168 1874 2241 Sassanidarum

271 2302 468 2401 respondet
488 2325 605 2373 annus
618 2300 688 2371 343
710 2299 859 2384 Christi,
878 2324 950 2397 quo
969 2325 1064 2373 anno
1080 2299 1160 2373 dies
1179 2303 1370 2375 Paschatis
1382 2302 1511 2376 incidit
1531 2302 1577 2374 ad
1593 2301 1689 2374 diem
1707 2301 1754 2373 27
1772 2304 1873 2373 Mar-

270 2436 313 2508 tii
333 2448 369 2508 et
381 2438 484 2507 Luna
507 2435 550 2505 14
569 2433 616 2506 ad
636 2432 733 2505 diem
753 2436 987 2515 parasceves,
1006 2433 1134 2507 eodem
1152 2459 1303 2533 prorsus
1318 2437 1441 2521 modo,
1458 2435 1512 2507 uti
1528 2435 1596 2506 hoc
1617 2435 1710 2506 Acta
1729 2432 1875 2506 deseri-

270 2568 373 2642 bunt.
389 2570 497 2639 Anno
519 2579 641 2639 autem
657 2591 735 2664 seq.
754 2567 838 2653 344,
859 2591 932 2664 quo
952 2591 997 2639 ex
1018 2566 1204 2665 Aphraate
1226 2569 1441 2668 martyrium
1462 2568 1644 2641 Simeonis
1664 2565 1872 2665 contigisse

271 2700 512 2787 ostendimus,
534 2703 635 2772 Luna
651 2700 696 2770 14
714 2698 844 2771 incidit
860 2697 896 2770 in
913 2699 1008 2772 diem
1027 2700 1069 2771 13
1085 2699 1224 2798 Aprilis
1245 2714 1282 2774 et
1296 2702 1491 2774 Dominica
1507 2699 1697 2774 Paschatis
1712 2700 1750 2771 in
1771 2699 1871 2771 diem

274 2836 317 2906 15
338 2835 503 2908 eiusdem
518 2831 672 2918 mensis;
690 2831 843 2931 proinde
866 2856 1016 2930 prorsus
1034 2832 1192 2932 analogo
1215 2835 1337 2908 modo.
1360 2837 1500 2908 Auctor
1519 2834 1634 2932 igitur
1659 2832 1871 2905 documenti

271 2963 531 3062 antiquissimi,
553 2987 626 3060 quo
649 2960 864 3058 compilator
892 2959 1030 3059 primae
1059 2962 1282 3035 redactionis
1309 2963 1474 3062 martyrii
1502 2965 1540 3035 S.
1571 2961 1753 3034 Simeonis
1778 2986 1871 3033 usus

271 3105 340 3180 est,
356 3090 577 3163 occisionem
598 3089 780 3162 Simeonis
802 3113 898 3162 anno
924 3090 995 3161 343
1016 3090 1190 3163 statuisse
1211 3091 1371 3177 videtur,
1390 3117 1472 3164 cum
1493 3115 1565 3189 quo
1584 3089 1756 3163 convenit
1775 3089 1873 3162 alter

270 3250 388 3297 annus
409 3225 493 3308 344,
516 3221 661 3321 quando
683 3225 786 3294 Luna
811 3223 855 3292 14
875 3221 1017 3294 duobus
1042 3222 1171 3296 diebus
1192 3223 1421 3297 Dominicam
1439 3223 1629 3297 Paschatis
1649 3222 1868 3306 antecessit;

271 3369 397 3430 auctor
421 3368 548 3428 contra
571 3353 797 3428 recensionis
825 3355 1020 3443 secundae,
1044 3355 1107 3454 qui
1126 3369 1281 3431 mortem
1303 3360 1341 3430 S.
1366 3357 1546 3430 Simeonis
1573 3356 1619 3428 ad
1644 3381 1778 3428 annum
1797 3355 1872 3428 655

269 3489 468 3562 Alexandri
488 3489 591 3586 ponit
607 3488 644 3560 id
666 3501 723 3561 est
743 3487 791 3560 ad
811 3513 946 3560 anuum
962 3489 1047 3573 344,
1070 3489 1219 3562 caedem
1239 3516 1424 3590 magnam,
1447 3515 1556 3588 quam
1581 3513 1692 3587 supra
1714 3488 1760 3560 ad
1779 3513 1872 3561 ean-

270 3623 352 3695 dem
376 3621 623 3694 narrationem
646 3620 867 3720 pertinuisse
887 3621 1237 3718 demonstravimuS‚
1254 3649 1328 3697 non
1350 3623 1470 3722 potuit
1489 3623 1535 3695 ad
1565 3646 1700 3694 annum
1716 3645 1873 3718 sequen-

268 3768 343 3828 tem
360 3754 518 3841 dillerm,
537 3780 608 3853 quo
624 3757 726 3827 Luna
744 3754 788 3824 14
804 3753 918 3826 Nisan
932 3754 978 3826 ad
993 3755 1015 3824 2
1031 3755 1169 3852 Aprilis
1189 3768 1226 3828 et
1248 3756 1439 3830 Dominica
1462 3755 1654 3830 Paschatis
1670 3754 1717 3827 ad
1732 3753 1830 3826 diem
1848 3755 1868 3824 7

269 3885 406 3986 Aprilis
428 3887 570 3973 incidit,
595 3912 702 3961 secus
726 3886 823 3959 enim
850 3886 894 3958 10
921 3886 999 3959 dies
1024 3887 1147 3961 caedis
1171 3902 1381 3987 computare
1407 3912 1637 3987 nequaquam
1663 3887 1861 3984 potuisset.

270 4021 361 4093 Hinc
378 4019 506 4093 statuit
526 4019 673 4092 caedem
693 4005 793 4091 illam
812 4019 941 4091 eodem
961 4045 1056 4092 anuo
1078 4021 1258 4105 evenisse,
1279 4022 1333 4094 uti
1353 4021 1391 4093 in
1410 4022 1482 4095 fine
1505 4020 1674 4094 eiusdem
1693 4018 1782 4092 dicit
1802 4045 1811 4088 ι

266 4164 346 4230 aas>
360 4165 414 4230 aa
432 4158 530 4236 rma
547 4161 761 4226 centnm
780 4165 806 4221 a
822 4162 889 4222 nsi·
907 4161 976 4228 aas
993 4157 1105 4229 ,aas
1125 4167 1176 4239 (μ
1193 4157 1260 4230 ,zm
1279 4164 1447 4232 samaa
1463 4154 1559 4221 etan
1574 4155 1830 4227 aalma&

572 4254 1012 4352 Jssfflnsthtsmuptg
1026 4272 1089 4344 ..1⁵12
1105 4273 1174 4343 daig
1189 4282 1298 4352 1434ςῶ
1311 4278 1496 4355 &32:th
1511 4272 1871 4342 tsshbssessfflllflss

317 4390 406 4457 Haec
434 4389 558 4479 itaque,
588 4409 674 4478 quoe
703 4386 802 4455 initio
821 4389 1065 4477 persecutionis
1092 4399 1228 4458 nostroe
1258 4380 1614 4458 1111111111111111111031
1635 4385 1870 4476 119111811ρο-

269 4520 317 4589 rir
351 4521 420 4613 fito·
451 4519 635 4589 Hormizad
665 4519 701 4587 in
729 4519 828 4588 caede
850 4519 968 4610 primo
997 4543 1082 4611 quae
1110 4525 1201 4611 facta
1230 4530 1278 4589 est
1306 4522 1415 4591 decem
1445 4521 1561 4590 diebus
1585 4520 1658 4591 11111
1684 4542 1706 4588 a
1728 4517 1817 4610 ferio
1847 4520 1873 4584 t*

269 4658 472 4745 Azymorum
492 4676 597 4744 usque
615 4652 660 4721 od
672 4652 878 4722 dominicam
896 4652 1077 4722 secundom
1095 4653 1258 4737 loetitiae,
1275 4654 1334 4723 boc
1353 4665 1465 4723 nostro
1480 4676 1631 4723 somnone
1648 4651 1869 4744 comprehen-

275 4787 398 4868 dimus,
421 4797 490 4856 etc.
510 4783 597 4877 (Clr.
617 4782 768 4880 Bedjan,
786 4806 840 4876 op.
859 4784 933 4867 eit,
956 4794 983 4853 t.
1008 4785 1053 4866 ll,
1076 4808 1111 4881 p.
1131 4784 1231 4879 247.)

319 4915 514 4988 Assemani
533 4915 679 5013 quidem
700 4914 951 4987 difficultatem
974 4915 1011 4986 in
1038 4916 1293 5013 computandis
1314 4918 1422 4990 annis
1443 4918 1571 4990 eodem
1591 4915 1700 4988 modo
1719 4912 1865 5010 effugit,

271 5059 430 5120 attamen
451 5060 577 5121 contra
598 5047 656 5118 ius
680 5059 716 5119 et
737 5048 793 5120 sas
812 5060 1024 5145 permutans
1045 5074 1229 5136 numeros
1252 5062 1293 5122 ut
1313 5061 1475 5122 statuere
1495 5048 1615 5148 possit
1636 5071 1772 5119 annum
1792 5046 1864 5117 341

271 5206 406 5252 annum
426 5205 507 5253 esse
525 5180 720 5253 occisionis
741 5181 936 5254 Simeonis.
957 5183 984 5253 Ε
1006 5193 1178 5254 contextu
1199 5194 1321 5256 tamen
1337 5183 1572 5256 manifestum
1593 5192 1650 5255 est
1665 5204 1802 5253 annum
1818 5180 1864 5250 31

333 5403 340 5438 ⁴
360 5402 407 5464 St.
426 5401 462 5462 E.
479 5401 659 5477 Assemani,
675 5423 727 5484 op.
745 5404 797 5462 cit.
816 5422 848 5484 p.
867 5406 935 5463 129.

332 5508 344 5545 ²
360 5507 441 5570 lbid.
456 5529 488 5591 p.
508 5512 577 5569 123.

331 5615 440 5677 ³Ib1‘d.
458 5635 490 5697 p.
509 5618 577 5675 122.
