3878 6316
271 411 328 469 521
812 397 1057 464 PRAEFATIO
1080 437 1120 448 -
1140 398 1280 464 CAPUT
1304 401 1329 464 l.

268 583 347 646 dunt
361 591 467 644 motus
482 589 514 644 et
528 580 607 656 vita;
622 579 787 643 Tenebrae
805 599 881 642 vero
902 589 1056 654 mortuae,
1074 579 1143 642 sine
1168 580 1313 654 scientia,
1331 580 1518 656 imbecilles,
1541 581 1724 645 immobiles
1746 590 1780 645 et
1802 584 1873 645 ina-

269 690 382 762 nimes,
404 695 549 754 carentes
561 686 708 775 potentia
728 684 866 748 faciendi
889 693 921 748 et
941 684 1098 769 eligendi3
1116 684 1251 750 credunt
1265 686 1384 748 malum
1408 707 1481 750 esse
1500 708 1519 751 a
1542 688 1659 772 seipso,
1676 689 1816 752 naturali
1842 701 1873 752 et.

270 794 453 859 authentico
480 792 586 855 modo.
620 791 764 856 Credunt
785 792 916 875 insuper
945 791 1067 854 Lumen
1095 792 1190 854 unius
1221 794 1350 878 generis
1375 813 1447 856 esse
1474 802 1506 856 et
1533 793 1696 858 Tenebras
1722 795 1874 858 similiter

271 902 403 965 alterius
421 900 561 985 generis,
583 908 616 961 et
635 898 952 981 comprehensionem
972 898 1118 961 Luminis
1137 919 1209 962 esse
1231 898 1403 982 quamdam
1428 900 1640 963 universalem
1659 902 1873 985 comprehen-

270 1009 401 1071 sionem.
428 1006 517 1069 Illius
540 1004 680 1080 auditus,
706 1013 866 1088 aspectus,
892 1004 1009 1088 aliique
1036 1024 1150 1067 sensus
1165 1026 1263 1067 unum
1283 1014 1315 1068 et
1339 1005 1423 1068 idem
1448 1014 1538 1076 sunt,
1562 1007 1607 1069 ita
1621 1015 1656 1069 ut
1675 1007 1806 1071 auditus
1832 1010 1874 1070 sit

270 1115 359 1177 visus
379 1123 412 1178 et
434 1113 522 1175 visus
545 1112 587 1174 sit
611 1111 666 1174 alii
685 1132 816 1187 sensus3
834 1111 979 1174 notiones
998 1130 1074 1174 vero
1095 1133 1103 1173 ε
1127 1111 1278 1190 audiens,
1296 1112 1419 1191 videns,
1437 1111 1663 1195 praedicantur
1676 1113 1716 1176 dc
1736 1115 1873 1177 Lumine

272 1230 403 1305 propter
423 1218 661 1282 distinctionem
681 1218 927 1281 coexistentium
953 1227 1078 1281 tantum
1096 1226 1129 1281 et
1146 1238 1211 1281 non
1232 1218 1307 1301 quia
1326 1228 1402 1282 sunt
1424 1240 1497 1282 vere
1518 1219 1600 1282 duae
1616 1240 1667 1282 res
1681 1220 1870 1295 distinctae;

272 1326 406 1390 credunt
419 1326 516 1388 etiam
531 1345 602 1388 esse
612 1324 763 1399 colorem,
782 1334 924 1409 gustum,
941 1323 1072 1387 odorem
1087 1334 1120 1388 et
1129 1332 1251 1388 tactum
1261 1334 1293 1388 et
1308 1324 1392 1387 idem
1406 1326 1572 1410 cognitum
1586 1347 1658 1389 esse
1672 1334 1708 1389 ut
1719 1327 1872 1400 colorem,

273 1435 347 1517 quia
362 1431 528 1495 Tenebrae
550 1431 616 1494 illic
635 1429 730 1493 modo
745 1429 884 1513 quodam
900 1429 1051 1513 peculiari
1067 1431 1244 1514 permixtae
1259 1431 1333 1506 sint,
1350 1441 1384 1494 et
1395 1440 1430 1494 ut
1444 1440 1586 1515 gustum,
1603 1433 1678 1515 quia
1698 1432 1762 1495 alio
1778 1434 1875 1496 modo

273 1539 448 1624 permixtae
472 1538 552 1612 sint3
569 1536 667 1599 simili
691 1536 786 1600 modo
809 1545 958 1599 asserunt
981 1535 1148 1600 decolore
1172 1537 1401 1612 Tenebrarum‚
1419 1537 1458 1600 de
1482 1547 1591 1622 gustu,
1608 1538 1706 1601 odore
1730 1548 1762 1601 et
1786 1548 1875 1602 tactu

273 1646 410 1708 illarum.
429 1643 573 1708 Credunt
590 1643 700 1705 lumen
715 1643 898 1705 omnimodo
913 1643 1021 1705 album
1041 1663 1114 1706 esse
1131 1653 1164 1706 et
1182 1642 1346 1706 Tenebras
1368 1643 1551 1706 omnimodo
1566 1644 1688 1728 nigras,
1705 1653 1738 1707 et
1752 1645 1875 1708 Lumen

274 1772 400 1835 semper
427 1749 590 1812 Tenebras
615 1769 633 1812 e
662 1769 720 1811 sua
747 1749 889 1811 inferiori
920 1758 1010 1833 parte
1040 1749 1200 1834 attingere
1229 1749 1305 1811 dum
1335 1750 1499 1813 Tenebrae
1530 1771 1656 1833 semper
1682 1752 1877 1835 contingunt

274 1858 397 1921 Lumen
415 1856 573 1939 superiori
592 1855 720 1918 illarum
739 1864 840 1939 parte.
857 1856 905 1918 De
927 1855 1151 1919 commixtione
1172 1876 1248 1919 vero
1267 1856 1423 1937 (Luminis
1437 1866 1470 1919 et
1489 1856 1718 1938 Tenebrarum)
1733 1867 1766 1920 et
1786 1859 1876 1942 puri-

276 1965 422 2028 ficatione
445 1962 592 2025 diversae
607 1971 683 2025 sunt
696 1962 882 2025 sententiae.
907 1961 1045 2041 Quidam
1064 1971 1177 2045 putant
1198 1962 1319 2026 Lumen
1342 1963 1525 2047 ingressum
1546 1983 1618 2026 esse
1638 1963 1671 2025 in
1694 1962 1874 2036 Tenebras:

275 2071 348 2133 illae
363 2070 447 2133 enim
462 2069 641 2153 attigerunt
655 2067 733 2130 illud
744 2088 816 2130 cum
830 2076 920 2131 tanta
933 2069 1071 2132 nouitate
1087 2078 1119 2130 et
1136 2067 1285 2143 duritate,
1305 2079 1339 2132 ut
1355 2069 1554 2132 vulneratum
1568 2070 1611 2132 sit
1624 2079 1657 2131 et
1669 2079 1820 2133 conatum
1836 2072 1878 2133 sit

275 2176 390 2240 dehinc
409 2176 513 2238 iacere
533 2175 606 2237 illas
624 2173 738 2238 molles
756 2183 789 2236 et
807 2174 984 2260 laevigatus
1006 2183 1040 2237 ut
1057 2174 1228 2238 liberatum
1248 2176 1288 2238 ab
1309 2175 1373 2237 illis
1392 2176 1550 2238 evaderet.
1568 2174 1650 2237 Illud
1671 2197 1752 2261 ergo
1772 2178 1876 2239 evenit

275 2303 340 2346 non
363 2303 380 2344 e
404 2281 589 2345 discrimine
610 2281 807 2346 substantiae
828 2282 1006 2365 utriusque,
1023 2281 1080 2345 sed
1095 2283 1178 2345 sicut
1192 2302 1281 2345 serra
1294 2302 1336 2345 ex
1350 2282 1463 2363 (unica)
1482 2283 1662 2345 substantia
1676 2282 1763 2357 terri,
1781 2283 1877 2345 habet

275 2389 377 2453 latera
390 2388 552 2473 laevigata
575 2396 607 2451 et
624 2387 736 2451 dentes
750 2397 871 2464 acutas,
897 2389 943 2450 sic
960 2388 1132 2473 laevigatio
1156 2390 1256 2450 estin
1283 2388 1414 2451 Lumine
1434 2396 1465 2451 et
1484 2389 1606 2451 acuitas
1621 2389 1653 2451 in
1673 2388 1831 2452 Tenebris
1846 2401 1877 2451 et.

276 2505 412 2578 utraque
436 2503 512 2557 sunt
541 2493 683 2557 eiusdem
711 2494 925 2568 substantiae;
948 2495 1069 2557 Lumen
1092 2515 1209 2557 reroe
1238 2515 1296 2557 sua
1322 2494 1488 2557 dulcedine
1514 2504 1636 2557 tantam
1663 2494 1877 2559 ductilitatem

277 2600 374 2664 habet
397 2610 432 2663 ut
455 2602 486 2662 iu
514 2600 586 2663 istis
609 2601 735 2664 fissuris
757 2600 977 2663 Tenebrarum
1001 2600 1111 2675 intret;
1129 2611 1161 2662 et
1181 2601 1242 2665 hoc
1265 2600 1418 2684 possibile
1438 2600 1541 2663 evasit
1561 2609 1718 2663 tantume
1739 2601 1877 2663 duritate

278 2706 519 2789 (Tenebrarum)
536 2715 666 2790 propter
683 2707 868 2770 felicitatem
882 2707 1070 2770 existentiae
1084 2706 1225 2783 illarum;
1243 2706 1326 2770 unde
1341 2706 1499 2770 notandae
1514 2715 1590 2769 sunt
1608 2717 1732 2769 tantum
1748 2705 1877 2770 illarum

277 2813 440 2878 ductilitas
453 2823 486 2877 et
499 2814 633 2877 acuitas.

317 2919 382 2983 Alii
411 2930 544 3006 negant,
564 2919 621 2983 sed
648 2928 820 3004 postquam
843 2920 1023 2995 Tenebrae,
1047 2940 1105 2983 sua
1130 2921 1261 2994 astutia,
1288 2919 1462 2983 adhaerere
1486 2927 1658 3002 potueruut
1681 2918 1810 2982 LumIni
1838 2921 1877 2982 ad

278 3046 371 3089 suam
395 3026 577 3089 inferiorem
597 3034 732 3110 partem,
753 3036 901 3090 conatum
923 3035 973 3089 est
991 3027 1112 3089 Lumen
1134 3046 1204 3089 sese
1226 3027 1362 3089 liberare
1381 3035 1413 3089 et
1434 3025 1594 3109 expellere
1608 3047 1627 3088 a
1642 3046 1677 3088 se
1694 3026 1874 3099 Tenebras3

279 3141 312 3194 at
326 3142 539 3216 aggravatum
561 3142 611 3195 cst
633 3141 665 3196 et
685 3132 949 3196 immersum-fuit
972 3132 1048 3208 illic,
1065 3133 1149 3196 sicut
1163 3133 1258 3196 horno
1282 3133 1337 3216 qui
1351 3133 1419 3195 vult
1433 3131 1545 3217 egredi
1564 3132 1677 3195 elimo
1697 3132 1728 3194 in
1744 3152 1808 3215 quo
1828 3133 1877 3194 in-

280 3238 367 3312 cidit,
381 3238 511 3301 luleitur
532 3239 564 3300 in
579 3259 637 3302 suo
659 3238 739 3322 pede
754 3247 789 3301 ut
812 3239 1007 3323 egrediatur,
1024 3239 1081 3302 sed
1096 3240 1299 3324 immergitur
1321 3260 1448 3323 semper
1460 3239 1567 3314 altius,
1588 3239 1634 3301 ita
1657 3238 1779 3301 Lumen
1804 3249 1880 3324 eget

280 3344 411 3407 definito
434 3343 572 3428 quodam
594 3355 737 3429 tempore
767 3344 807 3408 ad
821 3345 1042 3409 liberationem
1061 3366 1153 3409 suam
1168 3354 1200 3408 et
1219 3347 1259 3408 ad
1279 3345 1501 3410 adducendum
1524 3364 1582 3408 ens
1604 3364 1719 3427 purum
1737 3345 1770 3408 in
1785 3365 1880 3408 suum

280 3471 428 3535 regnum.

343 3558 407 3620 Alii
422 3558 534 3621 dicunt
547 3558 652 3621 adhuc
668 3559 789 3622 Lumen
810 3579 828 3622 e
852 3559 954 3622 libera
967 3559 1131 3622 voluntate
1146 3559 1222 3622 iisse
1246 3560 1278 3621 in
1302 3558 1466 3622 Tenebras
1480 3568 1517 3622 ut
1540 3559 1613 3622 illas
1636 3559 1748 3623 beatas
1762 3559 1883 3621 laceret

282 3672 313 3726 et
330 3673 365 3727 ut
386 3663 559 3727 adduceret
573 3664 605 3727 in
626 3686 721 3729 suum
735 3685 871 3749 regnum
894 3686 1004 3728 sanam
1025 3665 1153 3728 illarum
1179 3674 1318 3750 partem3
1335 3665 1392 3728 sed
1413 3674 1584 3750 postquam
1607 3665 1748 3740 intravit,
1763 3665 1884 3727 mansit

282 3770 349 3833 illic
378 3771 511 3835 tirmiter
539 3772 638 3857 longo
662 3782 805 3855 tempore
832 3781 864 3834 et
886 3772 961 3835 lecit
984 3782 1093 3836 coacte
1117 3772 1305 3836 iniustitiam
1326 3782 1358 3834 et
1381 3792 1433 3834 res
1456 3772 1585 3835 odiosas
1611 3771 1668 3835 sed
1693 3791 1756 3834 non
1780 3771 1882 3834 libero

281 3876 425 3953 delectu;
442 3878 569 3961 quando
592 3887 697 3942 autem
718 3879 888 3941 liberatum
909 3876 970 3942 erit
989 3879 1071 3942 etin
1095 3899 1153 3942 suo
1176 3879 1294 3942 mundo
1316 3879 1515 3960 restitutum,
1538 3879 1685 3961 operabit
1702 3886 1828 3941 tantum
1853 3889 1883 3940 et

281 4005 408 4068 semper
426 3985 543 4048 bonum
564 3993 596 4048 et
618 3987 802 4070 pulchrum;
819 3986 866 4050 sic
888 3995 939 4048 est
958 3986 1130 4049 discrimen
1154 3986 1236 4048 inter
1255 4006 1387 4069 operare
1405 3997 1513 4049 coacte
1528 3996 1560 4049 et
1577 4006 1710 4070 operare
1729 4006 1748 4047 a
1766 3984 1884 4048 liberot

282 4091 417 4154 delectu.

362 4300 419 4369 15.
445 4298 609 4371 Tandem
638 4298 793 4371 Michael
824 4302 955 4397 Syrus,
987 4298 1193 4397 patriarcha
1219 4297 1449 4386 Antiochiae,
1475 4298 1537 4371 dat
1568 4296 1675 4370 nobis
1700 4296 1883 4396 integram

288 4431 507 4503 Bardesanis
527 4430 782 4531 biographiam
795 4435 821 4516 ¹,
842 4432 907 4504 sed
927 4431 1022 4504 uude
1043 4444 1188 4530 sumpta
1209 4431 1256 4503 sit
1276 4432 1502 4530 ignoramus,

360 4564 507 4637 Initium
527 4564 657 4663 capitis
677 4571 723 4664 (p.
753 4565 869 4659 1091st
895 4577 951 4637 ost
973 4592 980 4635 ε

349 4784 498 4849 *Textus
527 4786 688 4847 carebunt
709 4785 795 4848 illius
823 4786 1033 4869 biographiae
1058 4795 1242 4848 asservatus
1267 4794 1317 4847 est
1343 4784 1479 4848 Londini
1508 4784 1541 4846 in
1571 4783 1694 4848 British
1722 4782 1883 4854 Museum,

292 4891 437 4954 Oriental
452 4913 512 4954 ms.
525 4902 558 4954 n⁰
575 4896 665 4966 4402,
682 4891 737 4955 Iol.
754 4898 803 4956 71.
820 4891 868 4955 De
887 4892 943 4954 illo
962 4890 1070 4956 codice
1090 4891 1161 4954 vide
1179 4892 1325 4956 Journal
1338 4892 1411 4969 As,
1432 4890 1488 4953 lx·
1503 4890 1598 4964 seris,
1614 4899 1638 4952 t.
1655 4888 1741 4964 VIII,
1758 4911 1791 4974 p.
1813 4896 1883 4952 523.

291 4998 448 5061 Gallicam
468 5000 564 5082 hujus
580 5008 686 5062 textus
705 4999 947 5062 translationem
964 4999 1156 5062 dedimusin
1171 4998 1325 5083 opusculo
1336 4999 1403 5081 jam
1424 4996 1553 5060 laudato
1573 5017 1580 5058 :
1602 4997 1670 5060 Une
1689 4996 1886 5080 biograptte

287 5105 407 5166 r'nddite
427 5105 466 5167 de
485 5106 682 5168 Bardesane
701 5107 924 5190 l'astrologne,
941 5105 1044 5180 Paris,
1064 5111 1151 5169 1897.

347 5212 359 5248 ²
382 5209 474 5274 quta
493 5212 629 5288 Chabot,
648 5212 834 5296 Cdroniqne
852 5212 893 5274 de
909 5212 1031 5275 Mr'cltel
1049 5213 1078 5274 le
1097 5211 1227 5293 Syrien,
1246 5212 1349 5284 Paris,
1369 5216 1456 5286 1900,
1477 5219 1501 5273 t.
1518 5211 1542 5285 l,
1559 5210 1638 5273 fasc.
1657 5214 1686 5285 2,
1703 5230 1735 5293 p.
1754 5215 1887 5272 183·184

287 5325 319 5378 et
334 5322 480 5380 109-110.

367 5425 544 5488 Adiicimus
560 5426 612 5489 hic
626 5428 723 5490 verba
738 5426 894 5510 quaedam
910 5446 949 5488 ex
968 5446 1065 5510 opere
1084 5426 1146 5487 iam
1161 5424 1290 5488 laudato
1305 5425 1350 5488 Le
1368 5426 1447 5488 licre
1464 5424 1522 5487 des
1539 5424 1679 5485 sebolies
1696 5421 1888 5506 deprompta

290 5532 360 5612 (Ed.
379 5533 526 5617 Pognon,
542 5533 646 5609 Paris,
670 5536 768 5616 1899).
791 5534 825 5596 In
850 5533 905 5596 illo
926 5553 1034 5618 opere,
1057 5531 1245 5595 Theodorus
1270 5533 1334 5595 Bar
1356 5531 1464 5594 Khdni
1487 5530 1599 5593 tribuit
1619 5529 1740 5594 Maneti
1765 5538 1799 5592 et
1822 5528 1888 5592 illis

289 5640 472 5714 haereticis,
490 5639 583 5704 Audc
607 5650 639 5704 et
661 5641 790 5724 Ququm
811 5641 942 5716 vocatis,
961 5641 1117 5723 ipsosmet
1138 5658 1263 5702 errores
1285 5658 1366 5722 quos
1388 5637 1442 5700 alii
1466 5646 1613 5701 auctores
1636 5636 1784 5700 tribuunt
1804 5634 1888 5698 Bar·
