3884 6316
753 424 998 492 paterano
1019 426 1250 523 nucrorus
1698 439 1776 498 1374
1839 381 1841 386 ³

172 600 322 660 τοιούτων
350 589 544 685 topazum
569 598 789 686 παρακαλοῦσι
816 600 869 661 καί
895 585 1060 686 δεομένοις,
1084 594 1247 674 εῦηίιοος*ο
1275 603 1406 688 γίνεται.
1432 599 1497 676 Τὰς
1523 596 1706 677 τοιαῦτας“
1739 591 1774 666 δὲ

171 723 340 810 ὀνομασίας
353 716 382 784 ἐν
396 726 437 811 τῇ
452 723 581 809 τοιαύτῃ
592 713 622 750 ⁴²
636 711 736 802 βίόλω
756 725 994 812 σονιρμηνεῦσω.

249 945 293 1016 ll.
313 943 331 979 ⁴
353 947 396 1016 Ὁ
413 940 449 1014 ὀί
469 941 590 1040 μελλων
610 947 640 1015 ἐν
660 949 801 1041 Βηθλεὲμ
820 948 872 1016 lx*
897 958 956 1028 τῆς
974 951 1121 1044 παρθένου
1139 951 1299 1045 γεννᾶσθαι
1310 948 1337 1040 ²,
1355 952 1447 1030 αὐτὸς
1467 956 1562 1048 μέγας
1585 945 1775 1033 διδασκαλος
1842 967 1892 1018 *Β

171 1075 335 1167 γενήσεται
357 1070 414 1141 καὶ
436 1079 475 1140 τὸ
499 1073 684 1166 ἀνθρώπινον
705 1077 804 1167 γένος·
826 1072 938 1141 σώσει’
962 1073 1018 1141 καὶ
1041 1075 1111 1153 τοὺς
1130 1068 1288 1144 εἰδώλων*
1311 1077 1401 1156 ναοὺς
1424 1076 1628 1158 καταλύσειθ,
1656 1083 1715 1155 τὴν
1739 1070 1774 1148 δὲ
1807 1037 1852 1090 Μ’
1868 1043 1897 1090 ³⁷
1912 1049 1937 1089 r.

123 1216 143 1267 5
172 1196 507 1292 ἀποτελεσματικὴν“,
527 1205 564 1272 ἢν
589 1197 651 1291 ἐγὼ
673 1201 806 1279 ποιήσω,
823 1198 879 1265 οῦκ
902 1198 1080 1292 ἁρανίσει’,
1101 1193 1184 1267 διότι
1204 1205 1266 1268 τοῖν
1290 1206 1360 1296 ὅπερ
1381 1200 1525 1270 τελέσει’
1546 1207 1566 1279 η
1591 1201 1660 1296 μετ’
1681 1204 1774 1272 αι’ντοῦ

172 1315 302 1415 δύναμις
323 1323 493 1390 ἀπετίλεσα
511 1321 567 1389 καὶ
595 1320 830 1416 θστοιχείωσα”.
860 1323 903 1389 Ὁ
925 1313 960 1390 ὀί
980 1322 1052 1403 ναὸς
1074 1321 1106 1390 ὀν
1126 1326 1185 1419 ἐγὼ
1209 1328 1238 1393 ἐν
1256 1327 1386 1405 Τυάνοις
1406 1319 1590 1419 ᾠκοδόμησα
1617 1330 1647 1395 ἐν
1673 1356 1699 1395 ω
1718 1328 1775 1397 καὶ
1864 1360 1867 1368 ·

169 1455 301 1540 χρυσοῦν
319 1454 432 1514 στῦλον
446 1452 579 1532 tovana,
596 1445 685 1524 οὗτος
697 1444 780 1539 παρὰ
797 1455 922 1514 πάντων
937 1449 1144 1542 προσκυνητός
1156 1447 1183 1483 ‘⁰
1202 1451 1378 1545 γενήσεται.

222 1573 375 1665 [lpse-lata
396 1562 438 1645 δή
461 1597 495 1638 σε
517 1572 678 1664 προσέχειν
700 1579 831 1638 σεαυτοῦ
845 1569 868 1604 ‘¹
890 1571 944 1639 τόν
966 1583 1049 1657 νοῦν,
1069 1570 1152 1640 καὶό
1167 1599 1198 1641 τι
1212 1571 1239 1608 ‘²
1262 1576 1357 1668 βούλῃ
1380 1575 1568 1669 ε’ργιίσασθοιι
1590 1577 1681 1672 ἔργον
1700 1577 1772 1645 θαυ·

172 1697 307 1788 μιαστόν,
338 1692 462 1789 ὀν(ομα)
491 1690 647 1788 ὀνομάζειν
661 1693 687 1729 ¹³
724 1699 859 1762 ἕκαστον
892 1706 996 1790 καιροῦ
1026 1703 1080 1766 καὶ
1110 1697 1231 1792 χρόνον,
1266 1705 1321 1766 καί
1350 1703 1439 1776 ἡλίου
1470 1699 1527 1769 καὶ
1559 1703 1689 1779 σελήνης
1719 1700 1775 1770 καὶ

109 1848 141 1899 ιο
170 1820 303 1913 ἀνέμων,
324 1818 377 1887 καὶ
390 1819 549 1888 τελεῖσθαι
561 1817 586 1853 “
603 1819 772 1912 ὀνομασίας
790 1823 920 1900 σελήνης
938 1818 1271 1917 καλοσχηματιζοῦσης
1282 1822 1322 1914 ⁸³,
1337 1827 1371 1891 οῦ
1383 1827 1445 1919 γὰρ
1461 1832 1537 1919 πρὸς
1550 1826 1621 1904 τοὺς
1639 1828 1773 1919 ἀστέρας

169 1952 259 2013 κατα
276 1969 312 2012 τε
325 1947 521 2040 τιτραγὸνων
535 1941 591 2012 καί
604 1937 758 2040 ἐξαγόνων
775 1947 987 2038 προστεθικοίις
1005 1949 1154 2042 ἐνεργοῦσι
1167 1946 1194 1980 ‘⁸
1210 1949 1282 2026 τοὺς
1301 1947 1443 2042 ἀριθμούς
1453 1947 1493 2025 ⁴⁷3

230 2230 281 2288 39.
296 2225 341 2285 τὸν
355 2224 481 2285 τοίοντων
495 2228 623 2303 tapam
638 2223 676 2286 Β.
690 2259 730 2270 -
744 2226 784 2286 40
798 2225 893 2296 ίόηκος
907 2225 945 2288 Β.
962 2261 1001 2271 -
1016 2228 1067 2286 41.
1084 2249 1111 2287 τι
1124 2225 1208 2296 αῦτας
1221 2227 1258 2289 Β,
1275 2264 1315 2274 -
1330 2232 1379 2291 42.
1395 2229 1496 2289 τοιαῦτι
1512 2229 1549 2290 Β.

230 2329 271 2393 ll.
288 2329 326 2409 Β]
342 2338 368 2394 1.
385 2331 464 2408 μίλλ.
480 2354 494 2391 ι
509 2330 591 2412 βλθλε
605 2329 650 2410 ίμλ
664 2330 702 2393 Β.
718 2334 798 2393 -2,
813 2335 952 2411 γεναῑοθιιι
965 2331 1004 2394 Β.
1020 2367 1060 2378 -
1075 2337 1105 2395 3.
1122 2333 1190 2394 σιἰσι
1206 2333 1243 2397 Β.
1257 2371 1297 2381 -
1308 2339 1338 2396 4.
1352 2335 1471 2408 ἠόοῦλων
1487 2335 1525 2405 Β.
1537 2372 1577 2382 -
1594 2341 1624 2398 5.
1640 2336 1773 2398 καταλύει

168 2437 208 2499 Β.
227 2474 268 2483 -
282 2443 311 2500 6.
330 2441 408 2498 ὑποτ.
428 2435 466 2497 Β.
483 2472 523 2482 -
536 2441 565 2499 7.
579 2472 618 2482 -
633 2437 693 2510 νίση
709 2435 746 2498 Β.
763 2472 803 2483 -
817 2441 847 2499 8.
869 2436 942 2498 ἂτίλι
960 2437 999 2500 Β.
1017 2474 1057 2484 -
1071 2444 1101 2502 9.
1118 2441 1267 2502 ῦποτίλισοι
1283 2442 1330 2502 καί
1350 2443 1510 2523 ίστερεώσα.
1530 2441 1567 2502 Β.
1583 2478 1623 2487 -
1643 2447 1690 2505 10.
1707 2443 1773 2524 πρός

109 2559 138 2610 15
168 2543 268 2616 κυνητό
285 2543 373 2605 Β.-
388 2548 436 2604 11.
452 2542 588 2622 προσήκει
602 2541 658 2604 δίει
677 2542 816 2624 repandus)
833 2542 870 2604 B.
890 2580 930 2589 -
951 2549 999 2605 12.
1017 2544 1073 2614 ὀτις
1085 2545 1123 2609 Β.
1139 2582 1180 2592 -
1198 2552 1246 2610 13.
1260 2547 1288 2609 oi
1301 2547 1444 2626 νσνόμαζαι
1461 2547 1498 2609 Β.
1513 2584 1552 2594 -
1573 2552 1620 2609 14.
1638 2547 1771 2621 initiator

168 2651 208 2713 Β.
222 2686 262 2696 -
283 2655 330 2712 15.
350 2648 405 2712 Sic
423 2646 494 2711 AD.
511 2649 874 2730 σιληνῑῦκαλοσχηματίστοο
889 2649 926 2711 Β.
943 2686 982 2696 -
1004 2655 1052 2714 16.
1071 2651 1145 2732 ίξαγ.
1165 2659 1340 2735 προοθιτῐκας
1357 2647 1416 2716 οθσί
1427 2654 1465 2717 Β.
1480 2691 1521 2701 -
1534 2660 1582 2718 17.
1596 2653 1644 2723 τθς
1655 2655 1772 2736 θριθμιίς

167 2758 208 2820 Β.
224 2755 283 2821 ΑΙ)
295 2755 416 2819 habent
430 2763 555 2818 tantum
568 2774 702 2838 parvam
722 2764 848 2837 partem
863 2755 992 2839 prologi
1009 2758 1232 2841 praecedentis
1246 2760 1299 2822 his
1317 2761 1425 2823 verbis
1439 2783 1446 2822 :
1461 2761 1551 2844 Ἀρχὴ
1569 2765 1623 2822 τῶν
1641 2764 1769 2824 iamt:-

167 2867 278 2942 σμάτων
293 2862 469 2924 Ἀπολλωνίου
482 2867 528 2922 τοῦ
543 2867 740 2940 μαθηματικοῦ.
757 2896 797 2908 -·
810 2861 970 2943 Ἀπίχισθαι
987 2863 1078 2937 πιίσης
1092 2865 1140 2944 μίν
1158 2865 1257 2948 θριίλει
1274 2877 1394 2950 πονηρᾶς
1412 2869 1541 2949 προίὶεως.
1554 2869 1583 2938 θς
1598 2868 1637 2950 (D
1654 2898 1660 2930 ε
1675 2870 1722 2944 ὡς)
1738 2875 1771 2930 ἂν

168 2972 289 3050 βούλοιτο
308 2976 457 3050 στοιχειοῦν
471 2967 560 3029 πάντα
575 2968 621 3028 καλ
633 2967 762 3048 τεράστια
774 2968 992 3049 διαπράττεσθαι,
1006 2970 1125 3048 μάλιστα
1142 2971 1170 3032 ὀί
1185 2977 1233 3046 τῆς
1243 2973 1308 3055 πρὸς
1322 2978 1456 3055 γυναικῶν
1475 2978 1592 3055 ὁμιλίας,
1607 2976 1677 3038 οὕτω
1689 2976 1717 3038 ὀί
1736 2977 1770 3037 οἷν

109 3092 137 3144 lt]
164 3102 206 3147 τις
223 3077 319 3157 ἀγάγοι
334 3073 424 3134 πιίντα
443 3072 478 3132 td
495 3073 631 3150 κτίσματα
651 3071 703 3132 tat
721 3072 767 3132 τὸν
788 3071 827 3152 (Α
846 3093 851 3124 =
868 3074 933 3153 τῶν)
954 3072 1032 3153 ζυγὸν
1050 3079 1098 3148 τῆς
1119 3078 1269 3160 ἀναγωγῆς,
1286 3081 1327 3141 δεῖ
1339 3071 1384 3141 οόν
1401 3085 1447 3143 κοιλ
1461 3081 1604 3162 ὀνομασίας
1622 3082 1770 3162 λέγεινκαὶ

164 3561 297 3635 lacere.
321 3560 378 3633 Illi
411 3560 509 3634 euim
539 3559 602 3659 qui
628 3559 825 3658 implorant
852 3570 887 3630 et
922 3569 1028 3631 orant
1057 3553 1238 3628 cumillis
1267 3553 1480 3626 nominibus
1509 3555 1765 3632 exaudientur.

166 3685 252 3758 lllas
270 3684 365 3758 tales
385 3683 650 3783 appellationes
669 3683 708 3756 ln
729 3681 914 3782 praesenti
937 3680 1032 3753 libro
1054 3702 1248 3778 exponam.

239 3909 285 3980 ll.
309 3909 321 3935 *
340 3906 405 3980 llle
423 3931 511 3980 vero
527 3904 589 4005 qui
609 3904 720 3979 dehet
734 3904 772 3977 in
790 3903 979 3977 Bethleem
999 3928 1044 3977 ex
1062 3900 1206 4001 virgine
1227 3901 1328 3973 nasei
1341 3905 1366 3984 ⁴,
1384 3900 1445 3974 ille
1465 3926 1622 4000 magnus
1642 3903 1763 4002 magi·
1830 3928 1883 3978 *u

164 4045 242 4105 ster
262 4031 338 4118 fiet,
362 4055 481 4130 genus
507 4030 706 4102 humanum
731 4026 889 4100 salvabit
914 4039 951 4100 et
977 4024 1114 4124 templa
1138 4023 1320 4098 idolorum
1347 4025 1529 4110 destruet3
1556 4025 1650 4099 hano
1674 3997 1823 4100 ver0s⁰¹'
1841 4003 1871 4049 ³⁷
1887 4010 1919 4050 Γ·

113 4179 132 4229 5
164 4155 500 4254 apotelesmatioam
520 4157 662 4247 (artem)
686 4176 796 4251 quam
820 4176 892 4251 ego
914 4150 1045 4223 faciam
1068 4174 1141 4222 non
1166 4148 1344 4232 destruet,
1370 4173 1454 4220 nam
1475 4148 1654 4248 quidquid
1678 4176 1762 4249 ope·

164 4279 305 4353 rabitur
318 4280 437 4352 virtus
457 4301 651 4377 quaecum
670 4275 734 4349 illo
749 4276 832 4363 erit,
850 4287 999 4375 egomet
1013 4285 1186 4372 operatus
1205 4297 1287 4344 sum
1303 4283 1340 4344 et
1352 4271 1549 4344 incantavi.
1569 4274 1762 4372 Templum

162 4429 250 4477 vero
270 4403 368 4502 quod
383 4428 454 4502 ego
470 4403 507 4474 in
522 4405 650 4500 Tyana
667 4398 857 4474 aedificavi
873 4400 961 4472 etin
977 4423 1049 4496 quo
1065 4396 1272 4470 columnam
1288 4420 1435 4468 auream
1455 4395 1553 4468 erexi
1574 4398 1762 4474 adorabile

163 4528 227 4601 liet
247 4526 455 4601 omnibus².

236 4651 395 4725 Attende
429 4675 520 4749 ergo
551 4663 657 4722 tuunr
688 4648 859 4748 spiritum
890 4646 1037 4743 quaudo
1066 4646 1122 4719 vis
1153 4643 1298 4744 operari
1329 4670 1421 4744 opus
1455 4645 1623 4720 mirabile
1646 4690 1696 4702 -
1721 4661 1762 4721 ut

109 4797 127 4848 n
163 4775 330 4851 nomines
351 4800 459 4849 omne
490 4787 715 4848 momentum
743 4784 780 4846 et
804 4783 950 4870 tempus
977 4784 1014 4843 et
1042 4768 1158 4842 solem
1185 4780 1221 4842 et
1247 4769 1371 4841 lunam
1398 4783 1435 4842 ot
1461 4783 1605 4844 ventos.
1635 4772 1762 4844 Profer

224 5014 251 5068 1.
276 5007 390 5070 Scriba
405 5004 529 5067 addidit
543 5005 575 5066 in
591 5003 738 5088 margine
755 5003 884 5084 ’1(ησοῦ)ς
905 4999 1046 5083 Χ(ριστ“ο)ς
1068 4999 1159 5080 θ(ιο’)ς.

223 5120 252 5178 2.
276 5111 467 5196 Apollonius
488 5111 668 5193 Tyanensis
691 5119 837 5173 mortuus
860 5116 910 5171 est
931 5107 1018 5169 circa
1037 5125 1156 5168 annum
1178 5110 1216 5168 97
1235 5114 1312 5188 post
1330 5104 1495 5167 Christum
1522 5115 1554 5169 et
1577 5107 1637 5171 has
1658 5110 1761 5175 lineas

162 5239 246 5304 quae
261 5226 434 5282 occurrunt
448 5226 574 5280 tantum
593 5217 626 5279 in
643 5215 753 5279 codiee
766 5216 792 5278 B
807 5235 872 5277 uon
888 5213 1030 5297 scripsit.
1048 5212 1174 5275 Revera
1192 5221 1300 5274 tamen
1319 5211 1474 5294 templum
1492 5214 1695 5279 aedificatum
1712 5229 1763 5286 est

164 5329 197 5389 in
212 5325 323 5408 Tyana
345 5324 406 5387 sub
426 5323 554 5386 nomine
572 5322 733 5407 Apollonii
751 5330 784 5385 et
804 5323 903 5384 vitam
922 5320 993 5383 eius
1012 5319 1144 5402 scripsit
1163 5318 1377 5381 Philostrates
1398 5327 1434 5380 ut
1454 5319 1609 5402 probaret
1626 5321 1761 5408 Apollo-

163 5433 253 5495 nium
275 5458 288 5488 «
310 5442 477 5515 operatum
496 5451 568 5494 esse
588 5439 622 5492 et
641 5430 825 5491 incantasse
848 5425 1005 5510 quidquid
1021 5434 1174 5510 operatus
1190 5434 1242 5487 est
1253 5423 1404 5488 Christus
1421 5451 1448 5490 ».
1465 5425 1533 5489 Hae
1556 5428 1660 5493 lineae
1681 5452 1761 5518 ergo

161 5537 213 5602 vel
234 5538 473 5621 interpolatoris
495 5535 649 5611 alieuius,
666 5535 717 5598 vel
742 5533 884 5597 auctoris
913 5533 1017 5616 ipsius
1041 5533 1117 5614 (nou
1142 5530 1317 5614 Apollonii)
1338 5531 1511 5614 quamdam
1535 5535 1702 5600 veritatem
1729 5547 1762 5603 et

163 5665 316 5730 magnam
331 5664 407 5707 sane
422 5643 646 5727 antiquitatem
662 5641 818 5705 redolent.

270 5763 337 5795 narn.
351 5763 401 5795 srn
415 5775 442 5784 -
457 5763 476 5796 r.
491 5761 506 5794 1.
520 5762 541 5794 r.
555 5760 581 5795 ιι.
1642 5758 1668 5796 40
