3884 6316
263 394 321 453 682
795 380 1040 447 PRAEFATIO
1061 417 1101 432 -
1123 382 1264 449 CAPUT
1284 384 1327 448 ll.

263 588 377 653 iffi&
388 581 425 652 :S
439 589 488 640 ⁰3⁰⁸
500 587 607 656 swrbi
622 573 706 648 ‘kl‘
716 574 781 649 «bl
801 584 866 644 ‘3⁴5
878 573 965 647 ⁰23⁸³l
976 583 1079 647 ³3⁹&
1090 581 1178 649 &⁴²³⁰
1194 582 1324 649 ‘xm-'²²22
1338 578 1467 650 &²1²3
1483 582 1613 651 &5¹35
1625 585 1700 651 (Ν
1709 579 1780 652 κὼξ
1798 580 1864 654 lib-l

433 703 496 755 aas
507 698 663 764 „so-5⁸:26
677 696 877 765 :oues-12³2}
891 690 1108 763 ψοφοωι
1124 691 1222 756 ‚aaa
1234 691 1306 764 elul
1319 700 1447 758 thebas
1460 702 1518 757 rusi
1531 702 1634 758 imo
1647 693 1771 760 Mi
1786 702 1864 766 use,

339 813 411 901 Epo
442 820 555 878 autem
587 804 667 900 (vir)
696 806 790 875 bonis
821 807 1001 876 destitutus
1025 818 1056 876 ct
1074 829 1205 898 parvae
1227 808 1389 876 scientiae
1412 805 1560 900 (homo),
1579 809 1640 900 qui
1659 810 1751 893 baec,
1777 833 1866 901 quoe

266 943 444 1035 inpeninm
474 964 584 1011 meum
612 950 786 1032 superant,
807 940 940 1031 scripsi,
961 939 1054 1008 baud
1073 950 1193 1008 temere
1218 940 1264 1009 ad
1286 941 1367 1008 baec
1391 940 1532 1009 dicenda
1549 943 1707 1033 processi,
1735 943 1794 1012 sed
1819 967 1866 1011 coa

265 1080 407 1146 caritate
430 1075 475 1144 acl
502 1097 542 1142 ca
571 1072 806 1163 consipnanda
832 1071 967 1155 accessi,
994 1082 1032 1140 ut
1050 1072 1189 1141 societas
1215 1074 1528 1164 peccaminositotis
1551 1096 1644 1143 meac
1660 1097 1776 1143 corum
1798 1098 1866 1144 me-

265 1209 376 1279 nroria
401 1207 560 1299 capietur
591 1216 690 1296 atque
720 1205 766 1274 ad
789 1205 973 1274 utilitatem
1001 1215 1032 1273 et
1057 1204 1327 1274 sciscitationem
1356 1206 1440 1287 cius,
1467 1208 1528 1297 qni-i
1552 1207 1660 1297 lepore
1690 1218 1795 1287 amat,
1828 1219 1865 1275 ut

266 1349 443 1432 eopaoscot
467 1350 635 1409 certamen
657 1349 688 1407 et
708 1338 896 1421 uictoriam,
917 1338 955 1406 in
982 1337 1102 1429 quibus
1127 1338 1180 1407 Ss.
1198 1341 1365 1429 Martyres
1391 1339 1538 1409 Orientis
1561 1341 1710 1409 stabant.
1738 1341 1867 1424 Quodsi

266 1496 374 1544 sermo
399 1482 511 1543 noster
534 1476 651 1562 fatuus
675 1471 730 1555 sit,
758 1471 908 1540 saliatur
930 1471 1101 1561 sanquine
1124 1471 1241 1540 mortis
1268 1493 1400 1553 eorum,·
1419 1472 1451 1539 si
1472 1473 1646 1541 enarratio
1670 1484 1787 1542 nostra
1806 1475 1865 1543 in-

265 1608 393 1698 sipiens
414 1609 469 1687 sit,
494 1605 608 1697 sopiat
628 1604 789 1696 passione
812 1603 924 1673 caedis
945 1627 1071 1673 eorum.
1090 1605 1355 1673 Enarrationem
1371 1605 1462 1674 enim
1481 1606 1694 1697 passionum,
1715 1617 1866 1675 tormen-

269 1750 388 1823 torum,
410 1739 637 1830 flapellorum,
661 1736 933 1820 tribulationum,
957 1736 1123 1819 caedium,
1149 1737 1410 1829 lapidationem,
1436 1738 1573 1820 amoris,
1592 1739 1781 1829 patientiae
1807 1761 1866 1806 ae-

267 1894 449 1963 rorumquc
462 1892 699 1962 responsorum
719 1870 889 1940 iudicibus
913 1869 1120 1939 redditorum
1135 1892 1153 1938 e
1171 1870 1295 1961 scripto
1314 1892 1430 1940 oerace
1449 1870 1708 1961 desumpsimus,
1723 1881 1865 1962 patrum

268 2004 527 2095 inaestipatione
546 2014 687 2095 reperto,
711 2002 799 2094 qicocl
819 2002 896 2072 licet
914 2003 1003 2093 stylo
1021 2002 1163 2092 culpari
1180 2003 1406 2093 conscriptum
1422 2025 1480 2071 nec
1499 2014 1553 2073 sat
1576 2003 1726 2072 lucidam
1746 2005 1860 2094 suerit,

267 2161 312 2206 eor
335 2136 396 2207 illo
419 2135 574 2227 cuemplo
594 2136 682 2203 banc
702 2158 819 2204 eorum
843 2135 984 2229 effipiem
1002 2145 1235 2226 praestantem
1260 2146 1291 2204 et
1312 2157 1474 2226 mapnam
1500 2136 1678 2205 victoriam
1704 2146 1736 2204 ct
1759 2136 1866 2205 soler-

270 2270 354 2338 tiam
370 2269 554 2359 ploriosam
569 2267 783 2360 fortitudinis
802 2290 916 2336 corum
937 2268 1185 2351 constituimus,
1203 2268 1243 2336 de
1258 2291 1326 2359 qua
1340 2291 1377 2337 ro
1396 2269 1434 2337 in
1449 2269 1563 2360 primo
1583 2278 1696 2337 nostro
1716 2291 1867 2337 sermone

268 2402 466 2492 scripsimus
496 2410 528 2470 et
551 2423 736 2470 sermonem
759 2411 911 2470 nostrum
934 2401 981 2469 ad
1003 2423 1116 2469 omnes
1134 2411 1267 2470 sanctos
1294 2411 1462 2492 martyres
1486 2401 1634 2470 locorum
1658 2400 1866 2470 diversor-nm

272 2535 419 2604 Orientis
438 2534 665 2603 antecedimus.
684 2536 728 2603 lit
745 2535 907 2625 quoniam
927 2556 995 2602 non
1004 2534 1180 2625 potuimus
1194 2535 1396 2603 sententiam
1415 2535 1452 2604 in
1472 2556 1744 2626 vscnicmqnemquc
1760 2534 1865 2603 lata-m

269 2678 300 2737 et
321 2667 453 2737 caedem
476 2678 508 2736 et
529 2669 669 2736 nomina
692 2668 844 2737 omnium
869 2667 1012 2759 definire
1033 2677 1256 2758 eteaponere,
1276 2667 1364 2737 barra
1383 2668 1421 2736 ob
1439 2689 1579 2737 causam
1601 2667 1733 2737 iudicia
1751 2689 1865 2735 eorum

268 2801 376 2870 ueluti
397 2822 505 2870 unum
529 2811 643 2870 aetccm
670 2799 867 2869 iudicialem
886 2802 1113 2890 conpassimus
1143 2800 1369 2891 victoriasque
1393 2801 1484 2870 uelut
1505 2800 1681 2871 uictoriam
1706 2822 1813 2868 unam
1836 2809 1865 2867 et

269 2934 503 3025 fortitudinem
528 2942 560 3002 et
583 2933 729 3024 ploriam
761 2943 793 3002 et
813 2934 934 3002 bonum
958 2933 1109 3024 ipsorum
1136 2934 1173 3001 in
1196 2933 1329 3002 Christo
1357 2934 1563 3024 martyrium
1588 2955 1764 3002 coruscare
1782 2932 1865 3024 [eci-

270 3088 357 3149 mus,
377 3067 520 3157 perinde
539 3087 578 3135 ae
596 3068 629 3136 si
647 3066 879 3135 condemnatio
895 3067 1083 3135 communis
1103 3066 1140 3134 in
1160 3088 1273 3135 omnes
1292 3067 1423 3135 decreta
1442 3076 1537 3136 esset.

346 3223 363 3265 <c
392 3201 458 3268 Nec
476 3199 648 3268 coristimet
672 3199 772 3268 lector
797 3222 847 3283 ca,
870 3222 955 3290 quae
979 3200 1016 3266 in
1037 3221 1189 3268 sermone
1209 3208 1320 3268 nostro
1330 3199 1444 3291 primo
1470 3200 1743 3290 conscripsimus,
1769 3208 1867 3267 ante-

271 3331 365 3400 riora
386 3354 458 3399 csse
481 3331 616 3399 tributo'
628 3333 740 3421 pontis
772 3343 907 3401 nostrae
927 3342 959 3400 et
984 3333 1148 3401 occisione
1176 3331 1344 3401 Simeonis
1368 3332 1515 3424 episcopi
1542 3332 1717 3401 Seleuciae
1744 3341 1776 3400 et
1797 3332 1869 3400 Cte-

273 3464 440 3555 siphontis
472 3474 503 3531 et
532 3486 660 3553 mapna
692 3464 801 3545 caede,
829 3487 916 3555 orcae
944 3469 1036 3556 [acta
1063 3467 1175 3535 estin
1208 3475 1377 3555 martyres
1409 3465 1446 3533 in
1476 3465 1643 3533 territorio
1671 3466 1870 3555 prouinciae

274 3597 476 3665 Husitarum
501 3619 593 3665 anrco
619 3597 668 3668 32
696 3597 844 3689 Saporis,
872 3597 962 3688 repis
981 3601 1175 3680 Persarum,
1200 3598 1257 3666 sed
1281 3598 1340 3666 boc
1363 3597 1475 3688 ipsum
1497 3607 1626 3688 tempus
1653 3597 1794 3665 initium
1823 3607 1872 3665 est

268 3729 513 3820 persecutionis
540 3740 684 3798 nostrae.
711 3731 984 3800 Fundamentum
1008 3731 1099 3799 enim
1124 3731 1225 3801 initio
1251 3731 1400 3799 sermoni
1428 3740 1540 3799 nostro
1565 3730 1822 3798 construoeimus
1843 3739 1874 3797 et

275 3872 354 3931 tunc
389 3865 544 3953 oppressi
579 3885 697 3932 snmus
732 3863 875 3932 breuiter
904 3863 1074 3932 ostendere
1102 3886 1292 3955 paucorum
1321 3886 1366 3932 eoo
1394 3863 1442 3932 eis
1477 3877 1626 3946 mortem,
1664 3863 1784 3931 borum
1814 3861 1875 3952 qcci

277 3994 315 4062 in
340 3993 421 4064 locis
443 3995 537 4064 nobis
551 3997 724 4087 proaimis
748 4008 889 4066 erant...
902 4048 925 4063 ..

348 4129 392 4196 m
420 4128 566 4219 [ursiton
597 4128 685 4197 dices
718 4154 728 4199 .·
755 4129 817 4199 Ubi
847 4139 928 4197 sunt
961 4129 1197 4198 tribulationes
1225 4139 1257 4197 ct
1291 4129 1464 4199 cinceiatus
1498 4129 1613 4198 amari
1644 4139 1675 4197 et
1704 4129 1875 4219 pessimae

276 4270 405 4344 mortes,
433 4283 518 4351 qnae
537 4262 574 4330 in
593 4283 745 4330 sermone
757 4261 871 4352 primo
894 4261 1063 4352 descripta
1088 4258 1196 4331 sunt?
1215 4262 1316 4331 Sinat
1342 4271 1454 4330 tamen
1482 4262 1541 4352 qrci
1564 4256 1653 4356 (boc)
1671 4261 1812 4339 dicerit,
1838 4272 1875 4329 ut

274 4394 307 4463 ei
319 4393 595 4484 persuadeamus,
620 4417 679 4463 nos
701 4395 841 4464 norsaisi
860 4416 988 4486 paucos
1015 4418 1032 4461 c
1055 4395 1220 4485 plurimis
1245 4396 1282 4463 in
1308 4394 1415 4463 liccem
1431 4399 1585 4486 prolerre
1602 4396 1767 4486 potuisse.
1793 4395 1875 4463 ilar·

277 4549 335 4594 nes
360 4526 406 4606 bi,
427 4528 487 4617 qui
507 4529 545 4595 in
567 4529 669 4595 Porta
687 4527 778 4618 repis
797 4527 898 4596 occisi
920 4536 1010 4608 sunt,
1035 4550 1112 4595 cnse
1132 4527 1262 4596 sublati
1277 4538 1367 4608 snut,
1389 4528 1448 4618 qui
1471 4549 1548 4596 uero
1570 4528 1727 4596 inanibus
1746 4529 1874 4617 Mopto-

279 4659 378 4727 rum*
402 4659 602 4742 ceciderunt,
634 4682 776 4750 ociorum
806 4682 864 4728 nee
891 4663 1031 4729 nomina
1052 4683 1111 4728 nec
1133 4659 1307 4728 domicilia
1337 4660 1431 4729 nobis
1464 4662 1650 4740 innotuere,
1674 4660 1822 4729 cruciati
1845 4668 1875 4727 et

277 4791 435 4859 tribulati
458 4804 551 4880 sunt,
569 4795 621 4862 nti
650 4793 868 4883 scripsimus;
883 4792 1040 4885 plurima
1066 4802 1179 4861 autem
1211 4802 1450 4862 tormentorum
1480 4794 1632 4870 istorum,
1663 4802 1693 4860 et
1716 4791 1875 4882 priorum

276 4925 487 5013 passionum,
516 4947 600 5015 qnos
629 4926 913 5016 computavimus,
934 4937 1038 5018 prout
1063 4928 1228 4995 ueraciter
1251 4926 1359 4995 edocti
1386 4948 1514 5007 sumus,
1537 4924 1732 5042 anetpribus
1754 4924 1875 5015 blaptis

257 5134 262 5144 ,
276 5056 434 5144 pessimis
460 5059 497 5125 in
525 5059 664 5127 urbibus
684 5059 845 5135 Persidis,
869 5061 929 5150 qui
948 5058 1069 5128 ibidem
1096 5057 1372 5144 dominabantur,
1392 5068 1588 5149 perpetrato
1610 5068 1690 5126 scint
1714 5059 1752 5126 in
1779 5078 1876 5126 mar-

279 5196 383 5277 tyros,
411 5189 472 5256 Dei
500 5212 622 5258 seruos.
651 5193 694 5260 m
717 5192 804 5282 quod
830 5191 876 5260 ad
899 5191 1045 5282 reliquos
1072 5201 1239 5282 martyres
1267 5193 1399 5273 attinet,
1426 5213 1568 5282 qccorum
1598 5189 1752 5258 omnium
1784 5212 1877 5258 mar·

338 5405 346 5440 ⁴
364 5425 474 5478 μμ
495 5424 512 5467 e
531 5407 765 5490 priscopcrsioo
787 5428 864 5491 mag
883 5410 920 5486 -l-
938 5408 1010 5470 had.
1030 5428 1107 5492 mag
1121 5436 1158 5464 --
1173 5408 1302 5492 blaguS,
1321 5429 1410 5491 μψ
1429 5406 1554 5471 Thalm.
1576 5421 1726 5483 sartum
1743 5405 1807 5470 bad
1829 5407 1876 5469 si·

279 5510 411 5593 gnificat
426 5511 626 5595 dignitatem,
645 5535 771 5577 munus.
789 5513 868 5579 Voci
886 5514 1028 5597 syriacae
1046 5514 1276 5600 correspondet
1291 5527 1363 5602 osy
1382 5515 1557 5598 designans
1575 5513 1725 5589 iudicem,
1743 5513 1874 5597 sepien-

278 5625 352 5690 tem,
371 5637 512 5702 magum.
1697 5616 1709 5641 ⁸
