3878 6316
193 382 253 439 688
735 368 979 434 PRAEFATIO
1001 408 1040 416 -
1061 368 1204 435 CAPUT
1227 370 1266 432 11.

191 561 388 646 truncavit,
406 585 491 632 nam
506 571 591 657 post
606 558 715 631 verba
732 587 750 628 a
769 560 876 632 Anno
891 559 1083 658 trigesimo
1098 558 1216 657 primo
1232 557 1383 655 Saporis
1400 585 1418 625 r
1436 558 1589 629 alteram
1607 558 1794 629 recensio-

193 723 276 770 nem
299 693 466 792 martyrii
492 692 661 774 inseruit,
684 691 781 789 quod
797 716 948 790 prorsus
968 690 1100 763 falsum
1118 702 1187 776 est,
1211 716 1293 762 curn
1318 692 1355 761 in
1374 702 1477 762 textu
1501 691 1642 762 codicis
1662 691 1793 788 prioris

193 841 277 926 post
291 827 406 900 verha
420 825 482 897 illa
502 837 629 897 auctor
654 824 861 897 Simeonem
882 823 948 895 bar
970 823 1126 896 Sabba'e
1147 849 1229 896 cum
1250 824 1397 894 Simone
1422 822 1649 895 Machahaeo
1675 823 1792 895 denuo

191 972 390 1058 comparet.

266 1097 300 1186 3)
318 1090 498 1164 Recensio
513 1090 628 1162 altero
645 1089 682 1160 in
702 1088 836 1162 Codice
853 1091 938 1161 Vat.
961 1092 1044 1187 Syr.
1072 1090 1136 1160 161
1156 1088 1364 1161 collectioni
1380 1089 1520 1161 inserta
1534 1088 1652 1162 multo
1670 1114 1792 1160 recen·

192 1226 323 1298 tiorem
338 1223 478 1297 redolet
492 1234 661 1296 aetatem.
682 1224 779 1293 Haec
795 1221 891 1294 cuim
908 1221 1051 1320 origine
1063 1235 1171 1294 tenus
1182 1247 1255 1294 non
1271 1222 1389 1294 solum
1404 1224 1498 1294 Aeta
1513 1221 1715 1303 Simeonis,
1729 1222 1792 1294 sed

196 1358 305 1429 ctiam
320 1355 537 1454 Martyrium
551 1354 659 1426 Pusai
673 1352 930 1452 archiopificis,
947 1354 1113 1426 Marthae
1126 1353 1222 1426 filiae
1239 1354 1417 1436 eiusdem,
1433 1353 1791 1452 descriptionemque

195 1489 318 1563 caedis
334 1512 490 1588 magnac
507 1485 798 1559 Christianorum
813 1486 1037 1571 continebat,
1054 1512 1147 1584 quae
1163 1486 1201 1557 in
1215 1486 1306 1559 urbe
1322 1486 1637 1560 Karka-d-Ledan
1656 1487 1788 1558 evenit.

194 1622 369 1720 Martyria
397 1621 494 1694 enirn
518 1620 608 1691 haec
633 1619 770 1717 pariter
793 1619 831 1690 in
856 1618 991 1716 duplici
1018 1631 1162 1691 exstant
1187 1619 1414 1701 recensione,
1437 1644 1546 1717 quam
1565 1622 1606 1690 P.
1632 1618 1787 1718 Bedjan*

194 1755 320 1828 edidit.
344 1757 443 1826 llaec
469 1778 579 1851 porro
598 1753 694 1824 Acta
720 1751 933 1823 continuare
963 1752 1151 1824 historiam
1178 1752 1342 1851 martyrii
1366 1751 1547 1840 Simeonis
1575 1751 1790 1824 recentioris

194 1888 325 1961 exinde
345 1897 459 1986 patet,
476 1887 573 1984 quod
594 1888 630 1957 in
653 1888 730 1972 MS,
745 1885 789 1957 de
813 1884 924 1956 Pusai
943 1884 1004 1956 vix
1024 1885 1162 1982 aliquid
1181 1883 1315 1957 dicitur
1334 1898 1487 1983 excepta
1501 1884 1789 1958 incarceratione

194 2021 288 2106 eius,
308 2023 402 2093 Acta
417 2045 505 2092 uero
525 2019 690 2091 eiusdem
705 2018 885 2115 incipiunt
898 2017 1021 2090 verbis
1040 2046 1047 2087 :

747 2155 1753 2236 -auwwaram-zarswaarmmmsmu

267 2275 488 2342 Revertamur
512 2272 621 2361 ipr'tur
647 2269 693 2338 ad
719 2269 896 2338 historiam
917 2271 1134 2360 consessionis
1153 2270 1295 2360 plorimi
1318 2270 1407 2339 inter
1427 2273 1594 2361 Martyres
1618 2281 1650 2337 et
1672 2270 1789 2360 [ortis-

193 2404 274 2472 m'mi
292 2407 409 2481 Parui,
430 2425 522 2500 quae
537 2399 649 2472 verba
664 2410 789 2498 aperte
808 2399 963 2471 innuunt
982 2398 1197 2496 martyrium
1213 2400 1282 2472 hoc
1296 2399 1486 2472 historiam
1502 2398 1589 2471 alibi
1607 2399 1787 2496 inceptam

194 2533 421 2606 continuare.

270 2666 416 2739 lnitium
434 2665 597 2764 martyrii
615 2667 653 2737 S.
677 2665 842 2737 Marthae
868 2665 965 2738 idem
983 2675 1141 2738 testatur
1159 2693 1166 2735 :

1061 2796 1751 2883 ·²·b&·r:z,J-xotrtqurr³=m·2³r;-rir³sl

269 2948 284 2978 «
305 2917 420 2986 Etiarrr
432 2917 543 3009 filiam
562 2915 701 2991 articam
722 2916 904 2985 mormulam
925 2915 1043 2985 habuit
1059 2917 1162 2985 victor
1177 2916 1285 2984 Porci
1306 2944 1338 2982 u.

268 3046 430 3119 llistoria
447 3045 603 3142 denique
622 3073 638 3115 a
658 3046 782 3119 caedis
798 3069 954 3145 magnae
972 3072 990 3114 r>
1009 3047 1197 3118 exordium
1212 3044 1324 3117 sumit
1340 3045 1397 3116 his
1409 3044 1532 3117 verbis
1558 3073 1564 3114 :

952 3177 1025 3247 due
1038 3178 1091 3246 dat
1106 3182 1175 3252 tue
1192 3192 1225 3255 <i
1238 3178 1373 3247 mar-hs
1388 3182 1491 3253 ,aaa
1507 3176 1625 3259 itas-<r
1637 3183 1664 3253 t
1677 3189 1731 3247 uni

267 3323 283 3363 c
316 3297 502 3368 Redeamus
535 3298 580 3366 ad
616 3296 767 3366 ordinem
811 3297 1022 3366 narrationis
1060 3308 1207 3367 nostrae.
1245 3298 1343 3366 Faria
1380 3296 1527 3366 arcuada
1565 3296 1789 3365 hebdomadae

193 3454 339 3521 rrrapaae
356 3456 387 3514 r,
408 3439 510 3499 etc...

265 3561 337 3634 Sed
362 3584 469 3634 omne
500 3560 651 3633 dubium
673 3558 814 3633 tollitur
834 3559 1106 3657 subscriptione
1128 3560 1165 3632 iu
1190 3559 1263 3631 hue
1286 3558 1461 3632 historiae
1488 3559 1612 3632 caedis
1631 3584 1787 3659 magnae

191 3684 330 3783 positae
347 3711 354 3754 :
372 3692 383 3729 ⁴
406 3702 482 3762 tatto.
500 3707 552 3752 »s
566 3704 620 3769 aa}
638 3692 690 3761 Μ
711 3704 790 3767 israe
811 3701 905 3767 „aas
926 3695 983 3760 ets
1002 3695 1057 3760 rtet·
1077 3695 1178 3774 itum.
1195 3696 1293 3777 itast
1311 3696 1403 3767 ithae
1418 3704 1497 3752 aasz
1513 3711 1530 3752 r
1552 3687 1686 3765 Desr'nit
1699 3690 1788 3755 Mar·

190 3813 320 3901 tyrium
333 3811 501 3901 ploricsae
519 3821 550 3879 et
567 3821 705 3880 iunctae
719 3810 873 3880 Marthae
886 3811 980 3902 filiae
999 3811 1107 3880 Porci
1124 3821 1156 3879 ct
1171 3811 1283 3879 coedis
1304 3834 1460 3901 maprme,
1479 3833 1564 3901 qliae
1577 3814 1670 3900 sacta
1685 3820 1734 3879 est
1751 3810 1786 3878 ia

186 3943 365 4035 prouincia
379 3942 551 4013 Hrrzitidr's
570 3968 600 4012 a.
622 3942 724 4034 Quae
741 3939 963 4037 subscriptio
984 3940 1063 4011 sola
1081 3951 1172 4012 este
1189 3939 1377 4012 codicibus
1394 3940 1599 4038 desumpta,
1619 3938 1785 4011 subdivi-

188 4073 311 4147 siones
328 4072 487 4172 reliquas
506 4073 644 4172 Bedjan
664 4072 911 4146 introduxisse
930 4073 1088 4158 videtur,
1107 4073 1206 4170 quod
1226 4073 1297 4145 iam
1318 4074 1399 4171 ipsa
1414 4098 1539 4145 earum
1556 4072 1673 4145 iorma
1687 4073 1784 4145 indi·

186 4212 260 4292 cat,
277 4217 318 4279 ut
334 4206 489 4305 exempli
510 4206 630 4306 gratia
649 4234 656 4276 τ
674 4225 876 4291 mimam
890 4214 943 4283 ast
957 4228 1011 4283 rsa
1031 4234 1049 4276 n
1068 4210 1192 4279 Caedes
1214 4232 1352 4299 mappa,
1373 4214 1564 4301 perdeserta
1582 4219 1631 4277 est
1645 4209 1684 4277 ia
1700 4231 1783 4300 pm-

189 4343 301 4412 rimie
319 4342 491 4412 Heraitidir
509 4366 540 4424 r,
562 4339 645 4437 Syri
661 4339 757 4410 cnim
774 4338 894 4411 hocin
915 4364 1001 4412 casu
1017 4364 1202 4436 nunquam
1222 4339 1395 4412 omittunt
1409 4337 1643 4437 praemittere
1658 4363 1783 4412 vocem

185 4485 269 4549 aaut
285 4503 302 4537 «
326 4472 485 4544 narratio
509 4504 540 4541 ».
565 4473 604 4543 si
627 4485 749 4544 autem
771 4475 865 4544 Acta
886 4472 976 4544 haec
999 4471 1085 4544 olim
1106 4497 1216 4544 uuam
1239 4471 1491 4544 collectionem
1510 4471 1780 4556 constituerint,

187 4605 365 4678 terminus
381 4606 442 4703 qui
458 4617 580 4702 potest
599 4605 689 4703 fingi
708 4604 985 4701 antiquissimus
1003 4605 1281 4703 compositionis
1301 4630 1440 4689 eorum,
1464 4630 1483 4677 e
1499 4604 1626 4677 notula
1645 4604 1783 4677 eruitur

186 4737 223 4809 in
252 4738 324 4810 sme
357 4738 522 4836 Martyrii
549 4742 587 4807 S.
613 4737 778 4809 Marthae
805 4737 960 4822 adiecta,
987 4764 1080 4836 quac
1108 4738 1218 4810 refert
1247 4763 1380 4837 corpus
1405 4749 1553 4825 sauctae
1583 4737 1673 4809 rixis
1701 4737 1782 4836 plu·

186 4870 288 4942 rimis
315 4871 546 4944 occasionem
573 4870 734 4955 dedisse,
764 4870 880 4943 donec
902 4871 1063 4966 Saumai,
1090 4872 1287 4969 episeopus
1311 4870 1414 4944 urbis
1439 4872 1575 4957 Karka,
1607 4869 1781 4970 reliquias

184 5004 265 5075 cius
286 5028 488 5102 exposcens
505 5029 568 5077 eas
586 5004 623 5075 in
640 5004 795 5077 ecclesia
811 5030 877 5076 sua
897 5004 1095 5077 honorifice
1112 5005 1320 5104 sepelivit³.
1337 5025 1416 5099 ..5005
1435 5024 1504 5096 ruffi
1526 5025 1563 5089 ,a
1580 5012 1675 5082 rtatni
1692 5025 1728 5089 (ξ
1748 5021 1784 5088 rit

247 5296 254 5332 ⁴
274 5295 310 5357 l‘.
328 5295 461 5379 Bedjan,
476 5295 561 5360 Acta
576 5309 761 5378 marmium
778 5310 808 5360 et
820 5310 1023 5378 sanctorum,
1042 5298 1180 5382 Lipsiae,
1198 5303 1285 5375 1891,
1304 5307 1327 5361 t.
1345 5298 1385 5374 11,
1401 5319 1455 5382 pp.
1474 5300 1623 5362 208-248.

247 5401 356 5463 '²lbr'd.
374 5423 406 5485 p.
423 5408 490 5464 2:33.

246 5509 258 5547 ³
273 5517 304 5569 et
320 5508 427 5572 ³Ibr'd.
446 5531 477 5592 p.
495 5514 565 5572 241.

248 5613 353 5677 libid.
368 5635 401 5699 p.
417 5619 485 5677 248.
