3878 6316
294 416 370 473 loos>
968 402 1227 493 rutissano.

292 573 382 665 si·8).
405 571 539 642 Postea
562 568 719 641 Messias
743 568 779 639 in
806 566 948 640 caelum
975 579 1185 638 assumetur
1209 579 1245 638 et
1271 566 1405 639 mortui
1429 578 1642 665 resurgent
1669 589 1678 638 :
1707 565 1798 637 iusti
1822 591 1890 664 gau-

293 704 445 786 debuut,
473 701 574 799 impii
595 701 790 773 tabescent
806 704 901 793 (xxx,
919 701 1013 792 t-tt.

368 834 510 908 Similia
530 835 737 907 referuntur
752 833 790 904 in
805 834 875 906 line
891 833 1046 904 visionis
1062 833 1107 905 de
1121 832 1187 904 viti
1203 845 1240 905 et
1259 832 1353 906 silva
1372 847 1407 907 et
1428 833 1544 906 fonte.
1566 837 1787 907 Destructo
1802 859 1892 932 reguo

294 981 438 1069 quarm,
458 992 575 1065 eoque
594 967 738 1045 ultimo.
762 969 839 1038 Deo
860 966 1008 1038 inimico
1030 966 1252 1038 revelabitur
1267 966 1495 1065 principatus
1505 968 1691 1041 blessiae
1711 972 1844 1059 (xxxix,
1859 970 1890 1040 i.

296 1103 454 1177 Ultimus
472 1103 578 1203 regni
595 1100 696 1200 impii
712 1100 786 1171 dux
801 1099 1028 1197 relinquetur
1042 1100 1161 1183 vivus,
1180 1124 1289 1197 quem
1310 1100 1466 1173 Messias
1482 1101 1661 1174 omnium
1683 1101 1892 1199 impietatum

296 1273 398 1320 reum
418 1236 676 1318 condemnabit
696 1251 732 1306 et
751 1232 910 1317 occidet3
929 1232 1158 1330 principatus
1179 1246 1302 1307 autem
1325 1234 1483 1308 Messiae
1503 1235 1543 1307 in
1564 1234 1777 1308 saeculum
1792 1235 1892 1309 stabit.

295 1381 413 1452 donec
433 1381 707 1450 consummetur
726 1367 884 1438 mundus
910 1365 1159 1463 corruptionis
1181 1370 1251 1459 (xa,
1279 1369 1370 1461 1-4).

369 1510 488 1584 Aliter
508 1515 639 1579 sonant
654 1500 790 1599 placita
806 1499 967 1571 auctoris
990 1499 1027 1570 in
1050 1501 1121 1571 line
1141 1500 1298 1572 visionis
1320 1500 1366 1572 de
1389 1501 1551 1574 nubibus
1570 1501 1724 1574 lucidis
1745 1515 1785 1575 et
1799 1503 1894 1601 nigris
1935 1544 1937 1553 ·

296 1660 332 1720 et
361 1645 406 1717 de
431 1640 577 1740 fulgure
603 1644 849 1707 corruscante.
878 1633 1051 1725 Quando,
1079 1632 1147 1718 ait,
1174 1633 1247 1705 iarn
1276 1646 1378 1706 aetas
1410 1635 1537 1707 mundi
1573 1634 1626 1706 ad
1658 1636 1894 1708 maturitatem

296 1775 522 1877 pervenerit,
546 1768 724 1869 plurimae
751 1765 1069 1864 perturbationes
1093 1766 1207 1852 bella,
1234 1766 1401 1865 aliaeque
1433 1768 1674 1841 calamitates
1705 1769 1892 1842 instabunt.

297 1915 569 1989 Terraemotus‚
590 1903 704 1974 fames
724 1911 830 1971 erunt
857 1900 892 1969 in
917 1911 1032 1984 terra3
1057 1900 1119 1998 qui
1140 1913 1262 1973 autem
1285 1900 1396 1973 hasce
1417 1901 1632 2000 effugerint,
1651 1903 1852 1976 tradentur
1867 1902 1893 1974 iu

296 2068 428 2117 manus
454 2037 610 2112 Messias
636 2038 729 2123 (ixx,
758 2033 852 2126 2-9).
880 2036 994 2105 Terra
1021 2046 1143 2106 autem
1165 2045 1293 2107 sancta
1320 2046 1491 2133 proteget
1522 2036 1735 2133 populum3
1757 2036 1893 2108 Messias

296 2200 383 2247 vero
408 2172 552 2269 aliquos
580 2167 736 2267 populos
757 2164 975 2250 trucidabit,
999 2165 1081 2237 aliis
1106 2180 1232 2264 parcet
1261 2168 1499 2263 (cxxi-exuri).
1528 2170 1667 2242 Postea
1703 2168 1892 2243 considebit

298 2333 409 2406 super
420 2306 591 2378 thronum
604 2326 710 2374 suum
726 2311 762 2372 et
775 2311 862 2371 tunc
878 2298 984 2395 quies
1000 2310 1037 2370 et
1050 2299 1299 2397 tranquillitas
1315 2302 1401 2381 erit;
1418 2326 1478 2374 ros
1495 2302 1673 2376 sanitatis
1691 2302 1891 2376 descendet.

297 2443 432 2523 luctus,
451 2439 625 2519 lamenta,
644 2431 843 2505 infortunia
859 2431 1056 2504 cessabunt
1074 2434 1213 2528 (uxum,
1237 2434 1325 2525 1-7).
1351 2438 1488 2507 llorum
1503 2448 1713 2508 eventuum
1730 2436 1893 2508 rationem

298 2574 466 2672 assignat
494 2567 651 2641 verbis:
683 2566 752 2638 boc
779 2578 926 2661 tempus
955 2589 1038 2637 esse
1066 2542 1420 2640 consummationem
1449 2592 1594 2653 eorum,
1625 2594 1730 2666 quae
1758 2595 1894 2667 corrup

296 2706 415 2781 tibilia
435 2715 534 2788 sunt,
560 2715 595 2774 et
623 2699 767 2772 initium
794 2721 934 2782 eorum,
950 2722 1044 2795 quae
1069 2697 1364 2798 incorruptibilia
1383 2714 1488 2788 sunt3
1513 2700 1671 2799 perinde
1690 2728 1736 2775 ae
1762 2703 1795 2776 si
1821 2703 1893 2774 bea-

296 2838 493 2912 titudinem
508 2833 614 2933 regni
630 2831 806 2905 Messiani
821 2829 990 2903 adfinem
1006 2832 1133 2903 mundi
1149 2833 1326 2930 posuerit.
1347 2836 1436 2905 Rem
1449 2833 1608 2906 ulterius
1624 2834 1824 2909 discutere
1836 2861 1893 2908 non

298 2985 355 3045 ast
371 2994 509 3054 meum3
528 2966 761 3039 manifestum
785 2976 842 3036 est
866 2976 1055 3037 auctorem
1076 2963 1241 3037 fontibus
1263 2965 1534 3064 antiquioribus
1556 2993 1670 3040 usum
1689 2994 1793 3063 esse,
1816 2994 1894 3067 quos

208 3119 211 3125 '
298 3106 420 3202 inepte
440 3098 663 3199 compilavit.
683 3100 758 3170 Nec
779 3122 866 3171 vero
882 3096 1014 3169 exinde
1036 3096 1205 3170 concludi
1226 3123 1337 3196 posse
1355 3099 1513 3172 arbitror
1536 3099 1798 3198 pluralitatem
1820 3128 1895 3175 auc-

298 3251 418 3309 torum
433 3234 721 3332 apocalypseos.
739 3233 844 3315 Nam,
861 3231 915 3301 uti
931 3243 1029 3303 recte
1042 3244 1168 3303 monet
1182 3234 1354 3317 Bousset‚
1369 3233 1548 3305 eiusmodi
1559 3258 1717 3331 operum
1734 3248 1895 3309 auctores

297 3365 366 3438 viri
402 3376 504 3437 erant
533 3385 661 3461 parum
696 3359 803 3445 culti,
834 3359 896 3458 qui
927 3359 1102 3458 operibus
1129 3360 1377 3459 antiquiorum
1412 3361 1470 3433 usi
1502 3374 1606 3449 sunt,
1636 3388 1708 3436 nec
1750 3365 1894 3437 multum

298 3509 471 3572 curarunt
496 3493 805 3567 contradictiones
832 3505 868 3564 et
892 3492 1118 3565 differentias
1140 3493 1310 3578 lentium,
1326 3520 1419 3593 quos
1444 3495 1491 3568 ad
1514 3521 1629 3568 novas
1656 3499 1895 3597 apocalypses

298 3628 569 3730 componendas
588 3640 736 3725 praesto
762 3626 959 3698 habebant.

370 3767 423 3836 De
444 3760 712 3835 resurrectione
736 3773 962 3832 mortuorum
982 3760 1111 3832 eodem
1137 3760 1211 3833 lere
1236 3762 1345 3834 modo
1372 3761 1450 3861 agit
1472 3787 1515 3834 ac
1538 3764 1576 3834 S.
1605 3762 1747 3836 Paulus
1776 3765 1813 3835 in
1833 3767 1891 3860 Ep.

296 3898 342 3970 ad
365 3899 450 3970 Cor.
472 3924 479 3966 :
503 3894 623 3993 pulvis
646 3893 766 3965 reddit
783 3907 960 3979 mortuos,
984 3918 1076 3990 quos
1099 3893 1237 3991 recepit
1258 3893 1349 3965 nihil
1374 3894 1573 3967 immutans
1599 3895 1636 3966 in
1656 3895 1782 3994 ligura
1801 3898 1893 3994 ipso—

296 4055 375 4103 rum
401 4030 448 4124 (a,
472 4030 566 4120 2-4).
597 4030 731 4099 Postea
757 4025 1011 4098 immutabitur
1035 4025 1153 4098 forma
1186 4024 1378 4099 beatorum
1407 4027 1445 4099 in
1470 4027 1626 4126 gloriam
1651 4029 1751 4101 etin
1779 4030 1891 4102 lumen

297 4163 436 4261 gloriae
469 4166 535 4253 (nr,
568 4162 645 4255 tta)
675 4172 711 4231 ct
742 4160 921 4231 malorum
951 4159 987 4229 in
1017 4159 1294 4233 damnationem
1318 4164 1377 4253 (tr,
1410 4161 1504 4257 4-6).
1536 4162 1728 4248 Gentium,
1764 4165 1826 4262 qui
1859 4188 1892 4235 se

297 4322 379 4368 cum
403 4295 682 4388 sominepopuli
701 4292 976 4377 commiscuere,
999 4291 1083 4367 [inis
1104 4292 1222 4365 bonus
1243 4294 1312 4366 erit
1330 4296 1431 4390 (mn,
1450 4296 1486 4367 2.
1505 4296 1553 4388 5).
1576 4296 1708 4368 Omnis
1723 4297 1890 4395 populus,

296 4429 358 4526 qui
383 4453 455 4499 non
469 4426 696 4500 conculcavit
717 4425 839 4513 laceb,
857 4424 954 4497 vivet
970 4428 1092 4517 (cxxii,
1112 4427 1163 4522 4).
1184 4427 1255 4520 Qui
1270 4451 1358 4529 vero
1374 4427 1408 4500 ei
1424 4426 1632 4500 dominatus
1658 4441 1731 4514 est,
1750 4430 1890 4528 peribit.

296 4561 368 4655 Qui
391 4572 513 4633 autem
538 4558 821 4632 commiscentur
849 4583 932 4631 cum
959 4559 1149 4657 gentibus,
1175 4560 1320 4633 etiamsi
1341 4560 1445 4632 initio
1466 4559 1560 4634 bene
1580 4561 1747 4660 egerint,
1769 4576 1891 4662 postea

295 4693 637 4767 condemnabuntur
654 4694 753 4788 (verr,
769 4694 815 4784 lr).

372 4830 411 4898 ln
440 4826 665 4911 universum,
688 4825 864 4897 iudicium
891 4825 1081 4911 Charles¹,
1100 4826 1162 4922 qui
1190 4826 1279 4898 dicit
1299 4826 1504 4899 doctrinam
1528 4826 1612 4899 libri
1637 4852 1723 4900 curn
1753 4829 1893 4928 placitis

299 4960 515 5032 ludaeorum
539 4983 757 5032 coaevorum
781 4958 990 5042 convenire,
1018 4984 1144 5030 verum
1164 4971 1239 5045 est;
1265 4959 1350 5031 hinc
1373 4959 1506 5032 mirum
1530 4984 1603 5032 non
1628 4973 1685 5034 est
1708 4987 1806 5061 opus
1829 4962 1894 5034 hoc

301 5093 338 5163 in
365 5092 530 5165 Ecclesia
558 5117 743 5191 nunquam
770 5104 911 5164 tantam
936 5091 1194 5164 auctoritatem
1220 5092 1393 5190 adeptum
1424 5117 1520 5180 esse,
1549 5118 1658 5190 quam
1686 5093 1825 5168 librum
1848 5096 1892 5168 lV

298 5226 449 5312 Esdrae‚
472 5227 534 5325 qui
557 5225 604 5299 ob
629 5225 810 5298 elementa
833 5224 1012 5323 imprimis
1037 5224 1238 5298 christiana
1265 5226 1359 5299 libro
1386 5225 1440 5299 illi
1462 5224 1623 5300 admixta
1650 5227 1713 5301 diu
1741 5229 1896 5302 maxima

296 5360 333 5430 iu
352 5359 586 5432 veneratione
610 5357 824 5432 habebatur.

356 5640 383 5695 1.
403 5632 464 5716 op.
480 5636 533 5696 cit.
550 5655 582 5717 p.
601 5655 686 5698 rxxr.
